3142 4967
318 455 360 508 De
379 453 689 519 0111111111113.4,
706 456 746 509 12.
764 456 797 509 13
835 455 859 522 (1
873 455 1101 526 211Β-212Β).
1232 459 1297 524 389

152 649 222 713 aliis
251 651 454 730 profuturum
481 650 572 728 sciat,
601 650 717 716 studiis
745 653 881 734 augetur
908 669 1006 732 eaque
1036 651 1138 734 gratia
1161 651 1298 717 conectit

151 757 300 839 populos,
330 755 514 822 adcumulat
541 757 1010 836 ο1111111111111111111111,111·11111111
1034 757 1178 842 gloriam.
1203 777 1298 840 quarn

152 863 246 927 beata
272 863 398 939 ciuitas,
427 883 507 945 quac
534 862 689 946 plurimos
717 865 821 930 iustos
846 864 952 942 habet,
977 883 1070 947 quarn
1100 864 1298 929 celebrabilis

153 988 204 1034 ore
237 969 390 1049 omnium,
423 971 581 1052 quomodo
613 970 813 1035 benedicitur
843 974 911 1036 tota
945 970 982 1034 de
1010 973 1097 1052 parte
1126 973 1157 1035 et
1184 971 1298 1036 beatus

123 1079 248 1158 satque
275 1080 449 1159 perpetuus
478 1080 583 1142 status
610 1077 679 1142 eius
708 1077 920 1142 existimatur!
950 1097 1044 1159 quam
1068 1077 1201 1161 gaudeo,
1226 1097 1298 1142 cum

151 1185 276 1265 aliquos
308 1184 402 1248 mites
435 1203 472 1248 ac
504 1184 664 1266 sapientes
697 1184 753 1249 diu
782 1185 893 1248 uiuere
921 1183 1026 1261 uideo,
1056 1202 1128 1248 cum
1156 1185 1298 1268 uirgines

151 1293 267 1361 castas.
303 1290 417 1356 uiduus
450 1311 563 1374 graues
595 1291 716 1374 aspicio
746 1291 920 1373 longaenas
949 1293 1040 1357 uelut
1067 1292 1223 1374 quandam
1252 1293 1320 1356 111-ι

151 1417 262 1462 cauum
287 1398 440 1462 ecclesias
464 1398 596 1474 curiam,
622 1417 702 1480 quae
724 1397 910 1480 praetendat
931 1399 1001 1481 ipso
1022 1399 1179 1481 quoddam
1203 1399 1297 1464 uultu
1326 1409 1346 1463 F

151 1509 182 1568 et
210 1505 317 1586 specie
350 1505 519 1588 grauitatis
552 1505 636 1589 quod
667 1507 881 1584 mereantur,
915 1506 1000 1589 quod
1032 1507 1206 1584 imitentur,
1236 1525 1297 1589 quo

112 1612 191 1676 uad
215 1631 340 1677 omnem
362 1632 486 1677 morum
510 1613 646 1695 gratiam
664 1613 857 1677 colorentur!
883 1629 942 1676 non
964 1613 1046 1676 enirn
1066 1612 1144 1695 ipsis
1164 1613 1298 1697 gaudeo,

151 1739 225 1783 curn
262 1719 385 1784 uiuenti
416 1720 519 1783 multa
550 1718 683 1784 subeant
715 1718 821 1783 taedio
849 1719 967 1783 saeculi
1000 1719 1107 1797 11111113,
1141 1720 1196 1784 sed
1225 1721 1298 1802 quia

149 1831 286 1907 prosunt
321 1825 477 1909 pluribus.
515 1814 663 1890 similiter
699 1845 771 1889 curn
809 1825 923 1908 aliquis
960 1825 1143 1890 huiusmodi
1182 1826 1300 1892 decidit

151 1933 300 2013 quamuis
329 1934 425 2016 longa
452 1935 615 1996 senectute
644 1932 820 2014 depositus,
849 1931 987 2010 adficior,
1017 1933 1091 2014 quia
1114 1933 1300 1999 destituitur

150 2059 226 2123 grex
248 2040 403 2104 iuuenum
427 2059 516 2104 muro
541 2040 643 2103 senili.
671 2038 806 2121 denique
830 2038 989 2119 periturae
1013 2039 1100 2104 urbis
1125 2043 1180 2105 aut
1202 2041 1299 2105 malo·

110 2166 133 2204 n
149 2166 223 2211 rum
257 2145 481 2211 inminentium
518 2147 571 2210 uel
606 2148 732 2210 futurae
768 2145 850 2209 labis
883 2146 944 2211 hoc
975 2147 1112 2229 primunr
1136 2147 1298 2226 indicium,

150 2255 179 2318 si
198 2253 348 2318 decidant
365 2254 426 2318 uiri
445 2252 655 2318 consultiores
674 2252 726 2317 uel
751 2252 846 2317 ctiam
872 2254 1034 2336 grauiores
1057 2255 1202 2330 feminae,
1227 2255 1299 2319 hinc

149 2361 290 2443 primurn
313 2359 531 2444 ingruentium
553 2364 645 2441 porta
669 2359 810 2441 aperitur
831 2362 998 2456 malorum.
1024 2361 1108 2426 sicut
1130 2380 1204 2444 ergo
1224 2361 1298 2424 urbs

149 2469 219 2532 tota
244 2467 399 2533 solidatur
423 2470 517 2551 utque
541 2470 676 2551 augetur
700 2471 793 2532 coetu
817 2467 1008 2548 sapientium
1035 2469 1086 2532 uel
1105 2468 1193 2533 obitu
1213 2467 1298 2532 labe-

149 2575 298 2650 factatur,
322 2574 368 2638 ita
391 2593 494 2640 sermo
519 2573 626 2658 grauis
651 2578 682 2638 et
705 2573 834 2656 quidam
856 2573 963 2638 senilis
981 2576 1094 2656 plenus
1113 2575 1394 2655 pmdentiaealan

106 2681 295 2746 instabilire
337 2681 589 2763 uniuscuiusque
626 2680 763 2746 animam
800 2681 891 2758 solet,
928 2680 1112 2745 confirmare
1149 2683 1297 2746 mentem.

149 2790 214 2854 ium
243 2789 273 2854 si
300 2787 432 2853 accedat
458 2789 630 2852 multarum
659 2788 835 2852 lectionum
863 2807 952 2866 usuc,
981 2788 1188 2869 plurimorum
1212 2807 1299 2870 prae-

149 2899 316 2978 ceptorum
354 2899 385 2958 et
422 2894 626 2960 consiliorum
663 2894 793 2977 qnidam
832 2897 972 2971 senatus,
1014 2896 1069 2959 uel
1108 2897 1298 2977 perpetuum

150 3001 240 3066 urbis
265 3001 345 3078 sius,
371 3020 451 3085 quae
474 3003 507 3066 in
531 3000 731 3083 singulorum
755 3005 805 3066 est
828 3001 1030 3083 praecordiis,
1049 3005 1170 3066 statum
1190 3000 1298 3065 efficit.

29 3101 104 3185 113
194 3108 271 3172 Ideo
300 3126 374 3191 ergo
403 3108 631 3192 primogenitos
660 3112 692 3172 et
719 3107 933 3190 redemptores
961 3111 1137 3176 ceterorum
1168 3109 1298 3174 Leuitas
1325 3117 1347 3170 Β

105 3235 130 3273 ss
150 3215 281 3298 Moyses
315 3215 500 3297 appellauit,
534 3215 617 3296 quod
647 3215 830 3279 maturioris
859 3218 891 3279 et
918 3215 1006 3278 utilis
1036 3216 1210 3279 sententiae
1238 3216 1299 3280 uiri

241 3529 258 3580 2
276 3525 357 3580 Philo
376 3525 409 3580 de
428 3543 494 3580 sacr.
515 3527 548 3582 31
568 3526 641 3594 (181,
661 3527 707 3590 36,
730 3527 744 3580 1
762 3527 823 3592 251,
843 3529 860 3580 4
883 3527 922 3592 0.)
979 3527 1011 3580 12
1032 3526 1111 3582 Plrilo
1131 3528 1164 3582 de
1184 3545 1249 3583 secr.
1265 3531 1298 3583 31

150 3617 224 3680 (188,
246 3617 274 3679 1;
295 3615 307 3668 1
327 3617 387 3676 252,
408 3617 441 3668 12
463 3616 503 3680 G.)
560 3616 593 3669 13
612 3615 695 3684 Uerg.
714 3615 781 3668 Aen.
801 3614 854 3669 XII
874 3617 925 3670 395
982 3617 1014 3668 11
1034 3615 1113 3669 Philo
1134 3616 1167 3670 de
1182 3634 1249 3670 sacr.
1265 3617 1298 3670 31

151 3706 226 3771 (188,
246 3707 293 3770 12;
312 3705 407 3768 1253,
426 3704 442 3756 3
465 3704 505 3769 ζ’.)
579 3706 614 3758 24
633 3704 713 3757 Nurn.
734 3703 759 3770 3,
781 3706 814 3758 12
833 3704 913 3758 Philo
934 3705 1105 3759 descendi
1126 3706 1199 3772 (188,
1221 3708 1265 3770 11;
1287 3707 1299 3759 I

149 3796 313 3861 253,'l(}.)

187 4010 315 4063 douram
333 4007 395 4061 MP
475 4007 611 4076 quoddam
629 4007 672 4060 Μ’
692 4007 720 4074 (d
734 4024 778 4077 pr.
800 4011 880 4074 eros.)
900 4007 934 4060 P
954 4006 1070 4076 quodam
1089 4013 1137 4060 cet.
1211 4009 1299 4076 9quo

151 4096 658 4167 (1101112112τεηοτεαηῐιιῐΜῬ
760 4112 813 4165 quo
832 4096 975 4150 imitentur
992 4095 1019 4148 P
1121 4094 1194 4166 quod
1213 4095 1246 4150 ad
1265 4097 1302 4150 M

152 4189 186 4240 11
205 4185 312 4240 uiuenti
330 4186 471 4240 Hmricue
488 4185 606 4240 Schenkl
624 4183 736 4238 uiutndi
757 4185 823 4239 lidrs'
894 4183 974 4239 huius
994 4185 1095 4238 sacculi
1114 4185 1140 4238 Β
1201 4186 1233 4238 12
1254 4184 1298 4238 ds-

150 4275 226 4329 cedit
243 4275 342 4330 MAA‘
407 4276 440 4329 15
459 4273 589 4328 iudicium
608 4278 650 4327 est
668 4274 772 4328 M‘PP‘
779 4275 804 4326 V
819 4274 948 4328 iudicium
968 4277 1011 4327 est
1028 4273 1055 4326 B
1119 4275 1153 4328 16
1173 4273 1301 4330 decidunt

151 4364 216 4417 ΑΒ
234 4364 350 4419 Monac.
370 4366 469 4417 14399
485 4363 603 4418 vindoc.
627 4367 685 4417 753
704 4362 863 4416 decidantur
882 4369 928 4417 cel.
985 4363 1016 4416 11
1038 4364 1158 4434 aperitur
1176 4367 1255 4433 porta
1273 4365 1300 4418 B
