3142 4967
262 484 302 547 18
731 476 928 530 Ambrosii

260 679 452 755 sanctorum,
476 674 529 739 uel
553 672 644 755 quasi
666 671 755 752 liber,
774 674 813 736 ut
834 671 1044 755 plurimorum
1067 672 1246 737 scribantur
1266 670 1403 748 nomina,

261 782 316 864 qui
353 780 472 847 Christi
511 778 645 865 gratiam
680 778 742 843 fide
779 781 813 843 et
849 777 1016 842 deuotione
1054 780 1249 856 meruerunt,
1286 779 1403 861 quibus
1475 783 1547 837 111

262 888 390 954 dicitur:
416 887 578 973 gaudete
611 886 698 967 quia
729 885 877 951 nomina
908 887 1040 949 uestra
1072 884 1217 967 scripta
1248 888 1337 950 eunt
1367 886 1404 950 in
1486 910 1491 915 ·

209 996 376 1063 22caelo.
405 995 442 1060 de
470 998 571 1059 terrae
600 1012 726 1077 quoque
755 993 808 1057 uel
836 991 990 1075 qualitate
1015 992 1068 1056 uel
1090 990 1248 1075 positione
1270 994 1406 1057 tractare

261 1103 342 1167 nihil
358 1102 460 1186 prosit
478 1102 517 1167 ed
537 1100 675 1184 speciem
693 1099 804 1176 futuri,
825 1118 898 1164 cnm
918 1099 996 1163 satis
1016 1098 1060 1163 sit
1077 1098 1117 1163 ad
1136 1098 1301 1163 scientiam
1322 1100 1406 1181 quod
1434 1122 1449 1161 ⁵

262 1210 490 1294 scripturarum
518 1208 697 1273 diuinarum
725 1207 824 1271 series
853 1204 1078 1290 conprehendit
1106 1205 1180 1288 quia
1207 1205 1408 1289 suspendit

261 1322 399 1382 terram
418 1317 454 1381 in
475 1315 607 1380 nihilo.
628 1313 704 1396 quid
723 1312 816 1377 nobis
835 1312 994 1378 discutere
1013 1316 1122 1378 utrum
1139 1313 1171 1377 in
1187 1332 1257 1378 aere
1270 1312 1408 1395 pendeat

262 1446 299 1490 an
337 1442 433 1507 super
468 1440 594 1505 aquam,
631 1423 669 1484 ut
699 1419 773 1483 inde
805 1422 956 1485 nascatur
987 1420 1214 1497 controuersia,
1247 1419 1405 1504 quomodo

263 1530 343 1595 aeris
371 1533 484 1595 natura
510 1528 615 1593 tenuis
645 1529 677 1591 ct
704 1526 833 1591 mollior
860 1527 977 1591 molem
1004 1526 1108 1610 possit
1136 1530 1313 1592 sustentare
1345 1530 1407 1591 ter-
1473 1531 1499 1584 Β

262 1656 369 1702 renam
410 1639 466 1701 aut
507 1634 676 1718 quomodo,
719 1633 747 1698 ei
779 1651 873 1716 super
904 1651 1013 1715 aquas,
1046 1652 1107 1699 non
1141 1633 1341 1717 demergatur
1375 1635 1408 1697 in
1430 1663 1458 1703 ro

264 1764 377 1827 equam
406 1742 512 1827 grauis
540 1745 695 1807 terrarum
723 1740 839 1805 ruina?
868 1744 924 1806 aut
951 1740 1110 1823 quomodo
1139 1740 1168 1805 ei
1195 1740 1292 1805 maris
1323 1740 1410 1805 unda

262 1870 324 1917 non
353 1849 445 1915 cedat
472 1851 504 1914 et
530 1848 562 1913 in
590 1850 690 1913 latera
719 1848 789 1913 eius
817 1866 888 1912 sese
914 1847 986 1911 loco
1015 1866 1074 1911 suo
1105 1848 1194 1912 mota
1227 1846 1408 1912 diffundat?

263 1956 359 2022 multi
391 1956 486 2021 etiam
518 1954 550 2018 in
583 1954 687 2019 medio
722 1954 803 2019 aeris
835 1957 952 2018 terram
985 1972 1056 2019 esse
1089 1952 1235 2019 dixerunt
1266 1958 1298 2018 et
1325 1955 1409 2020 mole

265 2084 323 2129 sua
345 2062 530 2129 inmobilem
553 2081 689 2141 manere,
714 2061 799 2144 quod
823 2048 983 2143 aequabili
1006 2062 1096 2125 motu
1118 2060 1192 2125 hinc
1215 2062 1311 2142 atque
1337 2060 1410 2125 inde

265 2191 301 2235 er
334 2170 418 2241 omni
450 2172 538 2252 parte
571 2168 747 2253 protendat.
781 2168 820 2232 de
852 2187 915 2249 quo
949 2167 1027 2233 satis
1059 2169 1210 2251 putamus
1239 2166 1362 2231 dictum
1391 2186 1458 2233 are

265 2277 392 2343 domino
416 2274 455 2340 ad
477 2276 534 2340 Iob
558 2294 686 2340 seruum
710 2293 816 2353 enum,
841 2274 965 2357 quando
988 2274 1117 2339 locutus
1135 2292 1191 2357 per
1208 2273 1324 2338 nubem
1344 2273 1408 2338 ait:

264 2383 329 2448 ubi
354 2402 445 2459 eras,
471 2401 551 2447 curn
576 2381 771 2447 fundarem
791 2384 955 2447 terram?
974 2379 1222 2459 indicemini,
1243 2380 1275 2444 si
1293 2380 1408 2445 habco
1478 2386 1501 2439 C

267 2488 475 2557 scientiam.
506 2488 590 2571 quis
618 2488 749 2573 posuit
777 2506 971 2553 mensuras
1000 2488 1093 2566 eius,
1122 2488 1154 2552 ei
1182 2486 1309 2552 noeti?
1343 2489 1411 2551 aut

265 2597 349 2681 quis
376 2595 520 2678 estqui
545 2594 812 2678 superinduxit
839 2613 1051 2660 mensuram
1080 2613 1194 2677 super
1222 2599 1322 2661 earn?
1346 2598 1411 2659 aut

265 2722 379 2787 super
402 2702 490 2783 quid
515 2700 651 2767 circuli
671 2701 752 2767 cius
773 2701 915 2767 confixi
934 2704 1046 2765 eunt?
1066 2704 1099 2765 et
1117 2701 1216 2766 inira:
1237 2702 1460 2768 conclusion

263 2828 361 2874 mare
389 2808 513 2891 portis
543 2811 578 2873 et
608 2808 703 2872 diri:
732 2809 951 2889 usquehuc
982 2808 1113 2873 uenies
1138 2812 1175 2873 et
1198 2826 1268 2873 non
1292 2811 1409 2873 trans-

265 2915 349 2993 ibis,
384 2914 448 2979 eed
480 2914 516 2978 in
548 2915 584 2978 te
618 2913 920 2979 comminuentur
950 2913 1097 2979 fluctus
1125 2915 1194 2979 tui.
1219 2934 1321 2980 nonne
1345 2915 1411 2979 eui-

266 3022 375 3086 denter
405 3020 546 3085 ostendit
577 3019 655 3084 dens
690 3020 794 3085 omnia
830 3020 996 3085 maiestate
1033 3038 1093 3085 sua
1128 3021 1312 3100 consistere,
1348 3040 1412 3086 non

265 3146 405 3205 numero,
428 3126 566 3209 pondere
590 3128 685 3209 atque
709 3130 885 3191 mensura?
908 3145 1011 3208 neque
1035 3127 1118 3191 enim
1142 3130 1284 3192 creatura
1304 3128 1412 3211 legem

265 3234 387 3311 tribuit,
421 3232 476 3297 sed
510 3232 626 3316 accipit
653 3236 709 3297 aut
736 3236 844 3298 seruat
871 3237 1045 3316 acceptam.
1073 3252 1135 3298 non
1163 3252 1237 3318 ergo
1266 3233 1351 3316 quod
1377 3234 1410 3298 in
1430 3263 1461 3303 rs

265 3340 371 3405 medio
405 3339 448 3404 sit
480 3342 571 3413 terra,
605 3339 698 3421 quasi
730 3357 830 3420 aequa
860 3340 950 3404 lance
989 3338 1205 3423 suspenditur,
1242 3340 1300 3404 eed
1336 3340 1411 3421 qnia
1482 3356 1507 3409 Ι)

265 3446 416 3510 maiestas
445 3445 495 3509 dei
523 3445 700 3510 uoluntatis
730 3465 807 3511 suae
836 3464 905 3510 eam
933 3446 1004 3530 lege
1029 3445 1229 3530 constringit,
1254 3449 1410 3530 utsupra

357 3638 373 3691 3
391 3637 454 3691 Luc.
475 3637 516 3701 10,
536 3637 571 3691 20
642 3642 661 3690 4
679 3636 742 3691 Bes.
762 3638 794 3691 21
815 3637 861 3693 Bo
882 3639 909 3701 (9
928 3638 1024 3703 A-u)
1045 3638 1110 3692 Isid.
1132 3639 1165 3693 de
1184 3643 1239 3693 nat.
1258 3656 1309 3693 rer,
1329 3640 1374 3703 lt,
1396 3642 1409 3695 1

267 3724 447 3790 elebata
487 3726 520 3779 14
538 3726 615 3779 Diels
633 3726 699 3779 Dor.
722 3727 781 3792 559,
801 3727 835 3780 23
883 3726 1225 3798 1610b42,7sq.38‚1
1265 3728 1411 3794 lllob38,

267 3815 337 3869 4-6
355 3814 417 3868 Bas.
437 3814 560 3884 ame
580 3816 615 3885 D)
672 3815 950 3887 2010b38,10sq.

303 3943 319 3995 5
337 3941 424 4010 prosit
442 3940 474 4011 (s.
493 3944 540 3995 or2
558 3941 688 4011 proderit)
711 3942 737 3997 G
755 3942 868 4011 prodest
886 3943 913 3996 B
1020 3945 1138 4015 speciem
1157 3947 1182 4001 ll
1200 3946 1267 4001 Diu.
1286 3962 1363 4016 spem
1380 3944 1416 3998 Λ·

268 4031 283 4083 6
304 4029 514 4098 conpraehendit
535 4030 600 4097 U(e
620 4032 668 4085 alt.
689 4048 722 4085 cx
740 4032 748 4084 i
767 4032 825 4102 m3)
891 4034 923 4086 15
941 4034 1110 4104 propendeat
1127 4036 1159 4091 Ν
1222 4036 1254 4090 18
1271 4051 1412 4089 mensuras

268 4118 308 4172 ed.
327 4118 406 4173 Rom.
427 4120 469 4189 (τὰ
488 4118 569 4191 μέτρα
587 4120 684 4187 LXX)
704 4138 856 4176 mensuram
876 4123 942 4178 libri
1019 4126 1051 4179 la
1069 4142 1222 4181 mensuram
1240 4148 1259 4199 μ
1276 4123 1411 4195 (eruption

268 4207 364 4273 LXX)
386 4224 524 4263 mensuras
543 4210 608 4263 libri
678 4212 817 4281 alponis
839 4212 1063 4281 G(rexsrudl
1135 4216 1170 4271 23
1188 4216 1254 4284 non]
1274 4216 1303 4269 in
1327 4214 1411 4269 Used.

268 4296 302 4350 25
322 4298 422 4369 accipit
439 4298 521 4352 Pma
540 4300 644 4370 aceepit
663 4300 741 4355 Prot
758 4308 805 4356 cet.
861 4308 909 4357 aut
927 4301 977 4358 HS
994 4310 1025 4358 ut
1043 4304 1080 4359 M
1097 4310 1125 4359 et
1145 4304 1228 4361 Gm2
1241 4305 1268 4358 B
1286 4305 1329 4372 (ira
1341 4306 1412 4373 roe.)

269 4390 316 4439 aut
336 4389 363 4440 et
381 4387 405 4443 u
425 4389 464 4453 (et
482 4388 561 4457 crue.)
580 4389 656 4445 und
