3142 4967
425 468 467 523 Dc
486 468 545 523 Noc
564 470 607 531 24,
627 470 670 523 87.
689 469 724 524 88
762 469 786 537 (Ι
805 470 858 524 263
878 469 988 524 8-261
1007 468 1052 539 D).
1248 471 1312 535 475

167 665 336 730 constituit
358 664 447 743 deus,
472 665 558 729 sicut
581 668 614 729 et
635 665 728 729 illum
751 664 791 728 ad
814 664 986 749 imaginem
1009 664 1059 729 dei
1083 664 1214 736 iscium,
1239 664 1313 747 quia
1337 668 1358 721 Β

165 775 300 853 uterque
328 790 345 835 a
372 772 505 835 terrenis
533 772 623 836 uitiis
652 771 860 853 temperabat,
892 772 947 836 ille
980 772 1034 854 qui
1067 772 1113 835 ita
1145 774 1313 854 generatus

166 882 224 954 est,
249 880 287 943 ut
309 878 388 941 nihil
411 883 534 943 terreno
559 878 688 943 deberet
711 879 871 962 contagio,
895 879 957 942 iste
980 878 1034 960 qui
1058 884 1089 941 et
1113 877 1144 940 in
1164 876 1314 959 periculis

164 984 269 1049 fuerat
300 986 493 1068 adprobatus
527 988 561 1049 et
592 985 787 1050 examinatus
821 986 851 1049 iu
879 985 1081 1068 passionibus
1111 986 1143 1047 et
1171 986 1313 1065 repertus

17 1173 18 1180 ἵ
89 1090 250 1174 Sisquod
283 1092 314 1155 iu
349 1091 534 1157 confusions
567 1111 629 1155 uon
661 1092 778 1156 luisset
810 1091 963 1157 obnoxius
997 1090 1186 1155 confusioni.
1220 1089 1314 1153 altior

165 1202 272 1263 autam
296 1216 411 1263 seusus
436 1198 534 1262 babet
555 1199 640 1281 quod
663 1198 770 1263 iustus
800 1198 1018 1282 magnitudine
1047 1201 1079 1261 et
1107 1196 1313 1261 multitudiue

163 1304 296 1368 uirtutis
329 1308 465 1388 augetur
493 1308 588 1387 atque
617 1304 778 1369 doctrinae
808 1309 840 1369 et
867 1306 970 1387 replet
997 1308 1111 1367 terram
1141 1303 1232 1384 qussi
1261 1320 1315 1365 cor

165 1409 335 1490 quoddam,
363 1411 396 1474 in
424 1430 487 1493 quo
516 1412 559 1475 sit
585 1411 822 1494 receptaculum
855 1410 1124 1495 intellegibilium.
1158 1411 1203 1473 ita
1235 1408 1314 1472 nibil

164 1534 301 1581 uacuum
326 1517 499 1600 sapientiae
523 1536 594 1582 esse
617 1518 747 1600 patitur,
776 1517 859 1600 quod
887 1518 1068 1601 insipientia
1095 1515 1199 1600 possit
1225 1514 1358 1578 inus-c

126 1648 148 1685 ιο
164 1622 247 1688 dere.
270 1624 452 1689 dominatur
473 1626 573 1709 igitur
589 1625 721 1689 terrenis
741 1624 889 1690 omnibus
907 1625 1121 1707 passionibus,
1142 1623 1196 1687 sed
1217 1622 1314 1686 etiem

165 1730 311 1795 sensibus
350 1732 579 1815 corporalibus,
618 1732 737 1795 bestias
771 1752 897 1815 quoque
931 1732 992 1796 sibi
1026 1731 1162 1813 quodam
1194 1731 1313 1793 terrore

164 1836 288 1921 subigit
311 1842 344 1901 et
365 1838 491 1916 timore,
515 1839 546 1902 in
577 1839 693 1921 quibus
723 1840 846 1921 species
874 1839 1003 1903 uidetur·
1033 1838 1137 1901 inesse
1171 1834 1313 1899 malitiae

164 1948 258 2025 atque
281 1946 428 2011 feritatis.
461 1946 584 2009 inmitis
613 1947 696 2010 enim
726 1950 759 2010 et
788 1947 923 2030 agrestis
957 1948 1007 2010 est
1039 1945 1141 2011 omnis
1173 1940 1311 2006 malitia:

162 2049 291 2115 infletur
310 2052 394 2116 aerio
415 2052 552 2134 quodam
570 2061 705 2117 tumore.
724 2072 782 2117 nec
802 2052 883 2117 illud
903 2052 1074 2118 obscumm
1089 2049 1173 2132 quod
1187 2045 1314 2129 reptilis

123 2156 318 2237 squaedam
355 2158 501 2223 letalium
537 2158 695 2241 quandam
733 2160 851 2223 babent
888 2158 1027 2242 speciem
1064 2157 1261 2239 passionum,
1297 2172 1314 2215 a

162 2259 278 2344 quibus
310 2283 469 2329 uenenum
502 2264 659 2346 quoddam
693 2266 793 2330 menti
829 2266 958 2330 uidetur
993 2264 1127 2329 iufrrudi.
1166 2261 1313 2327 omnibus

162 2388 235 2453 ergo
259 2369 309 2435 his
333 2372 468 2453 imperat
490 2372 607 2445 iustus,
633 2372 749 2454 quibus
773 2392 834 2437 nou
854 2373 1089 2447 commiscetur,
1110 2370 1164 2433 sed
1186 2374 1309 2433 coercet
1328 2377 1353 2430 Ι)

162 2495 208 2552 ea,
228 2477 256 2541 si
275 2496 364 2542 meus
383 2477 452 2542 eius
471 2498 533 2543 nou
553 2478 773 2555 delectatione,
797 2497 856 2542 non
881 2477 1054 2559 cupiditate
1079 2476 1222 2553 ducatur,
1247 2493 1307 2538 nou

160 2583 294 2647 tristitia
315 2588 348 2649 et
369 2585 485 2649 timore
508 2586 681 2669 frangatur,
706 2604 767 2650 uon
793 2584 888 2649 etiam
912 2584 1036 2647 luxuria
1059 2588 1153 2665 atque
1182 2581 1306 2647 deliciis

118 2716 143 2753 eo
160 2692 323 2771 tamquam
346 2690 504 2756 lubricum
529 2697 562 2756 et
585 2692 739 2756 caducum
764 2692 850 2755 uitae
874 2691 969 2755 istius
993 2693 1068 2775 agat
1091 2708 1230 2763 cursum,
1251 2686 1307 2751 sed

162 2796 356 2861 continentia
378 2816 413 2863 sc
437 2799 647 2880 temperantia
668 2800 796 2882 ableget
819 2819 833 2861 a
860 2818 893 2863 se
913 2799 962 2862 uir
980 2798 1105 2879 sapiens
1125 2794 1306 2861 huiusmodi

76 2905 117 2967 88
160 2903 337 2983 passiones.
361 2905 417 2969 sed
441 2905 515 2987 quia
538 2905 681 2970 subdidit
704 2906 829 2970 statim:
860 2906 990 2969 omnia
1012 2924 1051 2969 re
1060 2903 1184 2986 ptilia
1207 2922 1306 2985 quae

163 3014 259 3073 suut
288 3011 384 3075 uiua
413 3016 531 3076 eruut
561 3013 679 3076 uobis
710 3012 747 3075 iu
779 3031 920 3089 escam,
946 3032 984 3075 ne
1008 3012 1088 3077 lorte
1119 3016 1150 3075 te
1180 3016 1308 3074 moueat

250 3272 285 3325 22
305 3272 370 3327 Gen.
390 3274 417 3336 9,
436 3274 452 3328 3
471 3274 550 3327 Philo
571 3273 682 3340 Quaest.
702 3274 782 3327 1157

197 3404 429 3474 tuterq;P(q;
449 3393 566 3472 inrue.)
621 3407 700 3459 iles.
720 3406 794 3460 mr>
848 3406 1068 3475 3ccntnagioP
1121 3404 1308 3460 bonulusioni

161 3494 242 3547 ΡΤΒ
260 3493 380 3563 passioni
399 3501 446 3548 cet.
519 3494 769 3565 ssmagnitudinem
789 3495 816 3547 P
835 3500 869 3559 (ru
891 3495 942 3548 del.
961 3494 1020 3564 nr3)
1091 3493 1266 3547 ‘idoctriuae
1286 3494 1311 3547 Τ

161 3582 285 3635 doctrina
302 3588 350 3636 cet.
413 3584 430 3637 9
448 3584 584 3653 sapientis
606 3583 692 3637 YDN
751 3584 783 3636 10
803 3582 957 3637 dominatur
974 3584 1060 3653 igitur
1083 3584 1108 3636 Τ
1124 3588 1149 3636 et
1167 3584 1198 3635 in
1215 3584 1308 3651 spatio

160 3687 252 3724 camec
274 3676 322 3724 m2
343 3671 375 3724 T‘
398 3672 515 3725 donatur
538 3676 568 3741 (s.
592 3676 640 3726 m3
657 3674 671 3726 l
690 3673 783 3727 domat
805 3673 839 3737 is)
864 3672 950 3741 igitur
968 3673 994 3725 P
1012 3671 1129 3725 donetur
1147 3672 1232 3741 igitur
1252 3671 1310 3724 OM

162 3758 279 3812 domatis
296 3759 383 3828 igitur
400 3760 431 3813 D
449 3759 585 3828 dogmatis
604 3763 634 3829 (g
651 3776 671 3816 s.
690 3776 719 3813 u.
737 3764 786 3814 m2
803 3760 840 3827 Β)
861 3762 946 3829 igitur
962 3760 1020 3813 NB
1078 3758 1194 3813 terrenis
1217 3759 1241 3812 Τ
1254 3775 1307 3812 nou

161 3847 247 3901 solum
266 3848 382 3901 terrenis
399 3848 427 3901 P
444 3853 509 3917 (uon
528 3849 617 3903 solum
634 3866 656 3902 a.
674 3866 702 3902 u.
721 3854 780 3915 ru3)
796 3854 843 3905 cet.
896 3850 926 3903 11
943 3848 1067 3902 sensibus
1080 3848 1158 3918 Ρ(11)
1172 3866 1193 3903 a.
1208 3866 1234 3901 u.
1249 3850 1308 3917 m3)

163 3936 196 3989 12
215 3936 319 4006 subigit
337 3937 364 3990 P
386 3941 417 4006 (g
434 3954 455 3991 e.
473 3941 513 4004 a.)
536 3938 561 3991 Y
582 3937 706 3991 subdidit
723 3938 751 3991 Β
774 3938 874 3991 subicit
896 3938 921 3990 Τ
939 3940 964 4003 (c
981 3954 1003 3992 a.
1022 3942 1061 4003 a)
1082 3942 1128 3991 eet.
1219 3938 1307 3990 inesse

160 4024 242 4077 PTB
260 4041 319 4078 esse
338 4030 385 4080 oet.
460 4027 493 4081 14
512 4044 544 4081 ac
563 4026 672 4080 inflatur
692 4026 716 4079 C
790 4025 859 4081 illud
877 4027 905 4080 P
923 4030 959 4093 (m
977 4026 1092 4080 scribere
1109 4027 1201 4080 uolitet
1220 4026 1306 4079 libro·

160 4114 228 4172 mac,
246 4114 295 4167 sed
311 4115 407 4168 statim
425 4114 442 4168 d
461 4116 589 4182 conexit)
665 4116 697 4169 16
716 4115 826 4169 uidetur
844 4115 929 4169 menti
947 4115 975 4168 Β
1053 4115 1085 4168 17
1105 4116 1192 4168 iustus
1210 4130 1261 4168 om.
1280 4113 1307 4165 B

163 4203 196 4256 18
215 4218 285 4255 esu·
304 4203 331 4256 P
425 4202 571 4259 dilectione
591 4210 671 4271 (com.
689 4208 747 4272 nat)
767 4206 795 4257 P
885 4206 917 4259 19
937 4205 993 4258 etit
1011 4205 1038 4258 P
1056 4206 1107 4271 (tia
1124 4205 1155 4257 iu
1173 4220 1228 4257 ras.
1249 4208 1305 4265 nra)

195 4290 299 4344 luxoria
318 4290 386 4345 Pet
405 4295 471 4356 (us.
492 4310 507 4345 o
526 4294 632 4363 ostili*
692 4294 725 4347 21
746 4294 789 4362 sc]
808 4296 837 4346 et
854 4293 917 4347 DN
986 4293 1097 4362 ableget
1119 4292 1263 4361 Tabliget
1282 4292 1308 4344 P

162 4384 242 4445 (corr.
262 4384 319 4445 nr3r
343 4380 374 4433 Β
394 4387 474 4448 (corr.
493 4386 546 4449 ml)
568 4382 627 4435 OM
642 4382 736 4452 abiget
754 4382 782 4435 Β
801 4382 895 4451 abigat
914 4382 973 4435 ΒΝ
