3142 4967
283 436 348 499 436
754 434 952 489 Ambrosii

283 630 344 694 sibi
378 631 437 694 soli
470 631 591 695 stultus
624 635 683 709 est,
716 632 843 714 rapiens
877 636 984 697 autem
1012 633 1073 697 sibl
1102 636 1135 697 et
1160 633 1307 719 plurimis
1336 632 1429 715 sapit.

282 738 390 822 itaque
417 740 486 804 Noe
513 739 592 803 iusti
619 740 732 804 merito
762 738 859 804 etiam
888 740 1001 805 domus
1030 740 1100 807 eius
1122 740 1153 804 in
1178 740 1300 804 diluuio
1326 760 1430 805 serua-

282 850 342 911 tur.
376 847 422 910 sic
446 846 478 909 in
502 846 581 909 mari
604 846 794 930 nauigantes
819 846 904 909 etin
929 846 1013 910 bello
1039 848 1205 924 exercitus,
1230 845 1257 909 si
1280 844 1346 910 illis
1371 864 1430 910 non

282 953 366 1019 desit
394 953 615 1037 gubernatoris
641 952 766 1036 peritia,
790 952 863 1017 istis
886 952 1086 1035 imperatoris
1109 952 1286 1036 prudentia,
1311 972 1329 1016 a
1352 952 1431 1034 peri-

282 1061 355 1125 eulo
383 1060 446 1123 tuti
475 1063 551 1124 sunt
577 1060 679 1124 aliena
708 1078 777 1142 ope.
812 1060 867 1125 sed
898 1062 972 1143 quia
999 1061 1073 1125 boni
1100 1059 1301 1143 imperatoris
1327 1060 1431 1124 bonus
1458 1086 1469 1123 n

283 1168 438 1232 exereitus
463 1170 522 1244 est,
546 1166 617 1231 ideo
643 1167 739 1231 etiarn
762 1166 794 1230 in
819 1185 855 1231 eo
878 1166 1006 1231 landem
1029 1168 1107 1232 iusti
1130 1166 1348 1250 intellegimus
1370 1185 1429 1231 non

281 1274 454 1355 praeteriri,
484 1274 538 1356 qui
566 1276 664 1338 talem
693 1274 836 1338 instituit
865 1274 992 1339 domum
1022 1292 1122 1351 suam,
1151 1276 1188 1337 ut
1215 1273 1347 1337 uirtutis
1371 1272 1429 1337 lul·
1489 1274 1505 1327 C

283 1384 373 1465 geret
390 1382 560 1456 consortio,
579 1381 757 1462 meritoque
780 1382 903 1445 inuenit
921 1384 1057 1446 salutem
1078 1380 1234 1465 cognatio.
1258 1398 1316 1445 noe
1339 1398 1429 1462 repu-

283 1492 361 1569 gnat
396 1486 471 1569 quia
509 1492 620 1570 postea
657 1491 713 1551 aut
749 1488 834 1550 filius
873 1490 930 1552 aut
965 1507 1043 1553 uxor
1079 1486 1219 1553 offendit.
1253 1486 1431 1551 dormiebat

281 1595 399 1672 iustus,
428 1614 502 1660 cunr
530 1598 646 1659 erraret
673 1594 770 1659 filius.
794 1594 911 1659 semina
935 1614 1060 1679 quoque
1085 1598 1196 1676 utpote
1220 1614 1314 1659 sexus
1339 1594 1429 1679 fragi-
1447 1620 1469 1659 n

282 1702 371 1766 lieris
395 1704 478 1767 mole
497 1702 631 1785 periculi
650 1703 788 1777 turbata,
809 1720 889 1783 quae
908 1706 1011 1767 tolum
1032 1702 1139 1767 orbem
1158 1700 1265 1766 diuino
1284 1701 1429 1766 incendio

282 1809 384 1891 perire
408 1808 560 1887 erederet,
585 1809 810 1892 quidmiraris
835 1810 861 1875 si
886 1810 991 1873 uirum
1015 1829 1076 1874 non
1101 1810 1208 1891 potuit
1230 1810 1334 1891 sequi,
1359 1828 1429 1873 omn

282 1916 350 1999 ipse
373 1916 479 1981 iustus
503 1915 542 1980 ab
567 1917 689 1999 augelis
711 1918 853 1981 monitus
876 1918 928 1981 uir
953 1917 1111 1981 euaseril?
1135 1916 1212 1998 quid
1239 1919 1348 1980 autem
1376 1915 1430 1979 rni-

281 2043 352 2087 rum
381 2023 409 2086 si
436 2022 557 2086 homini
585 2024 716 2106 obrepat
744 2043 829 2088 error
856 2028 912 2088 aut
939 2042 972 2088 sa
1000 2024 1118 2087 relaxet
1144 2022 1300 2087 intentio?
1334 2040 1429 2106 argue

229 2133 356 2212 3‘lergo
386 2129 461 2210 quia
488 2133 521 2194 et
546 2130 653 2195 iustus
682 2131 856 2195 inebriatus
885 2134 944 2194 est.
975 2130 1032 2194 sed
1056 2132 1133 2195 haee
1156 2131 1227 2195 loco
1251 2148 1310 2195 suo
1334 2148 1428 2193 reser-
1446 2155 1467 2192 n
1482 2126 1500 2177 u
1547 2204 1548 2213 ἵ

281 2236 384 2299 nanda
402 2235 546 2301 arbitror.
566 2256 650 2302 nuno
669 2237 753 2319 quod
773 2241 920 2320 superest
935 2237 1181 2303 consideremus.
1201 2236 1333 2319 pulchre
1348 2236 1427 2299 eninr

281 2344 372 2408 dirit:
399 2344 495 2425 quia
517 2348 556 2408 te
579 2344 669 2409 uidi
692 2346 849 2409 iustum
873 2345 912 2408 in
938 2344 1206 2429 generatione
1225 2345 1316 2408 ista.
1337 2342 1428 2407 multi

281 2450 463 2517 hominibus
492 2450 570 2515 iusti
598 2451 757 2529 uidentur,
786 2451 880 2534 pauni
904 2451 978 2517 deo:
1007 2452 1100 2517 aliter
1122 2449 1315 2529 hominibus,
1339 2450 1428 2515 aliter

281 2556 354 2622 deo:
379 2557 562 2623 hominibus
587 2559 763 2623 seeundum
788 2559 874 2623 uitae
898 2560 1048 2642 speeiem,
1074 2559 1131 2623 deo
1154 2558 1329 2623 seeundum
1347 2557 1426 2640 puri·

281 2667 381 2729 tatem
413 2666 521 2742 animi,
554 2666 685 2730 uirtutis
721 2667 903 2742 ueritatem
941 2668 1085 2731 homines
1123 2686 1203 2750 quae
1240 2666 1317 2731 loris
1355 2666 1464 2729 sunto

280 2772 423 2852 probant,
454 2773 531 2837 deus
561 2790 640 2855 quae
669 2774 756 2836 intus
785 2773 949 2839 examinat.
981 2793 1133 2857 perpense
1162 2777 1268 2837 autem
1292 2770 1423 2835 addidit:

281 2878 317 2940 in
357 2881 622 2963 generatione
659 2880 752 2957 ista,
790 2883 827 2944 ut
861 2900 962 2963 neqrre
994 2880 1173 2964 superiores
1206 2878 1424 2945 condemnaret
1479 2878 1495 2931 E

280 3005 381 3067 neque
417 2987 607 3067 posteriores
640 2987 821 3051 excluderet
853 2990 1001 3068 reeteque
1034 2987 1192 3051 diluuium
1223 2987 1343 3050 laetum
1375 2985 1424 3049 sd-

282 3096 419 3157 strneret
441 3094 570 3159 interitu
595 3094 806 3177 generationis
831 3095 910 3171 eius
932 3113 1011 3177 quae
1030 3114 1090 3159 non
1110 3094 1241 3158 haberet
1260 3093 1423 3175 aequitatis

229 3199 270 3261 38
282 3200 488 3263 consortium.
513 3200 591 3264 haec
615 3201 789 3265 secundum
813 3201 966 3265 litteram.
990 3202 1085 3266 altior
1103 3204 1207 3265 autem
1228 3218 1342 3265 sensus
1359 3218 1423 3281 pro·
1439 3224 1459 3263 n

282 3310 377 3370 nroeat
402 3326 470 3384 noa,
494 3310 532 3371 ut
553 3308 612 3371 lnoe
635 3312 788 3390 putemus
811 3309 956 3391 uigorem
980 3307 1096 3372 mentis
1119 3308 1150 3371 in
1176 3307 1282 3371 anima
1305 3324 1372 3370 esse
1394 3309 1423 3367 et

282 3413 418 3476 animam
436 3413 468 3476 in
488 3432 617 3495 corpore
638 3414 722 3495 quod
741 3418 792 3477 est
810 3423 899 3497 pater
922 3414 1059 3478 familias
1083 3414 1114 3477 in
1139 3412 1232 3478 durno
1256 3430 1322 3477 sua.
1345 3408 1423 3492 quod

374 3706 535 3761 lProuerb.
555 3708 580 3771 9,
600 3708 634 3760 12
707 3707 970 3772 7Prouerb.15‚6
1042 3706 1145 3762 9Gen.
1166 3706 1245 3768 9,22
1308 3704 1341 3761 10
1359 3704 1419 3758 Gen.
1543 3708 1544 3729 ¹

283 3797 325 3859 19,
345 3796 379 3850 26
437 3796 469 3849 12
489 3794 556 3849 Gen.
578 3795 619 3862 19,
640 3796 674 3849 15
693 3813 751 3865 sqq.
809 3798 842 3851 15
862 3796 929 3851 Gen.
950 3799 973 3860 9,
993 3797 1025 3849 21
1084 3797 1116 3851 17
1138 3793 1203 3851 Gen.
1225 3796 1283 3858 7‚1

320 3985 419 4047 lsolii
439 3984 466 4036 P
483 3985 505 4054 (s
525 4000 584 4052 erp.
604 3987 662 4051 m3)
713 3950 877 4038 balleniP
896 3986 921 4049 (u
941 3987 1022 4049 eras.)
1069 3984 1147 4037 dest
1166 3998 1216 4035 οιιι.
1237 3982 1270 4035 N
1318 3979 1418 4035 laudem

282 4072 393 4126 iustiin
412 4090 443 4125 eo
464 4072 495 4124 N
549 4072 692 4143 lquisB
750 4074 784 4127 14
803 4073 960 4142 obrepitN
1029 4070 1121 4125 eutP
1140 4074 1204 4135 (aa.
1228 4088 1255 4123 u.
1275 4068 1419 4137 m3lntB

318 4162 419 4214 relaxet
442 4160 586 4214 Trelaxat
604 4166 651 4214 cet.
725 4178 823 4231 argu-0
841 4162 868 4214 P
887 4164 915 4227 (a
933 4162 1014 4227 mae.)
1063 4160 1096 4213 18
1115 4158 1165 4213 deo
1185 4160 1304 4229 pauoiB
1347 4160 1419 4213 ruet

282 4250 392 4302 uirtutis
412 4250 439 4301 P
457 4253 535 4313 (ete.
555 4267 581 4302 ιι.
601 4250 659 4319 m3)
678 4250 709 4303 Y‘
728 4252 894 4319 uirtutisque
917 4250 942 4302 T
993 4251 1028 4303 24
1047 4266 1076 4303 ex
1095 4250 1258 4303 interituT
1309 4250 1341 4303 24
1359 4263 1417 4300 eon-

281 4338 394 4391 sortium
415 4338 560 4407 aequitatis
579 4338 612 4390 N
663 4340 697 4393 26
717 4342 842 4409 putemus
861 4338 887 4390 P
905 4349 932 4403 (u
949 4354 993 4407 pr.
1013 4356 1046 4393 ox
1064 4356 1079 4393 o
1099 4344 1156 4405 aad)
1212 4340 1246 4393 27
1266 4342 1307 4393 est
1325 4354 1371 4392 om.
1390 4336 1420 4389 N
