3142 4967
270 450 336 512 320
742 443 941 497 Ambrosii

272 660 347 724 quo
366 659 653 723 praeceperam
672 639 761 717 tibi,
786 638 831 702 ab
856 639 930 704 boo
954 639 1042 702 solo
1067 657 1111 700 ne
1135 635 1419 711 manducares,

271 748 551 813 manducasti?
588 747 673 829 quod
709 746 872 811 uideretur
909 746 983 810 dare
1021 745 1160 826 aliquem
1191 742 1422 826 interpretandi

270 857 389 931 locum,
423 855 483 919 nisi
515 853 630 918 mulier
659 854 691 916 in
724 851 942 934 superioribus
972 851 1097 916 dicente
1128 853 1288 932 serpente:
1322 849 1421 932 qnid

271 963 418 1043 ntique
448 961 554 1025 dixit
584 960 693 1034 deus,
724 978 770 1023 ne
803 958 936 1024 edatis
966 959 1010 1022 ab
1041 957 1145 1022 omni
1173 956 1283 1040 ligno
1313 956 1421 1038 quod

271 1069 393 1134 estin
411 1067 626 1150 paradiso?
645 1065 876 1149 respondisset:
898 1065 1004 1147 quod
1022 1068 1085 1129 est
1104 1063 1142 1128 iu
1161 1062 1291 1128 medio
1312 1083 1421 1145 para·
1450 1083 1463 1122 s

273 1177 366 1252 disi,
400 1175 505 1238 dixit
537 1175 650 1240 deus:
683 1194 757 1240 non
791 1171 1094 1238 manducabitis
1128 1190 1170 1235 er
1203 1189 1257 1235 eo.
1291 1170 1322 1234 in
1357 1189 1421 1252 qno

274 1283 422 1366 quamuis
463 1282 606 1346 mulieris
648 1281 921 1364 praeuaricaturae
944 1279 1037 1343 ¹fides
1073 1277 1221 1342 uideatur
1256 1276 1421 1353 infirmior,
1483 1285 1504 1336 ll

272 1393 379 1453 tamen
405 1406 465 1452 non
490 1387 636 1452 omnibns
659 1386 762 1450 Adam
786 1386 930 1469 spoliabo
955 1385 1139 1460 uirtutibus,
1164 1387 1200 1448 ut
1222 1383 1372 1448 uideatur
1388 1382 1420 1444 in

274 1495 419 1578 paradiso
451 1494 570 1559 nullam
601 1493 774 1558 adsecutus
805 1492 906 1558 fuisse
936 1492 1101 1570 uirtutem,
1132 1491 1211 1556 nihil
1241 1490 1279 1554 de
1308 1489 1422 1554 ceteris

275 1603 459 1687 gustanisse
476 1601 574 1685 lignis
594 1601 746 1684 pn'usque
765 1600 893 1681 culpam
912 1599 1063 1664 incidisse
1083 1617 1178 1682 qnam
1202 1599 1325 1662 fructus
1351 1615 1420 1660 esse
1440 1619 1464 1656 n

196 1703 198 1707 ’
274 1708 399 1791 aliquos
419 1711 620 1771 consecutus.
640 1725 702 1771 non
722 1705 866 1787 spoliabo
889 1723 963 1790 ergo
983 1705 1096 1780 Adam,
1121 1723 1160 1770 ne
1183 1722 1286 1789 genus
1311 1705 1420 1768 hnma-

275 1836 350 1880 num
379 1833 471 1879 omne
499 1813 680 1896 dispoliem,
709 1813 795 1895 quod
823 1812 973 1878 innocens
1002 1814 1061 1890 est,
1091 1815 1259 1895 antequam
1292 1829 1419 1877 sensum

277 1922 412 2005 accipiat
444 1921 596 1986 scientiae
628 1920 703 1985 boni
737 1924 769 1985 et
802 1920 888 1986 mali.
920 1939 1021 2001 neque
1053 1920 1136 1984 enim
1167 1919 1268 1985 otiose
1300 1918 1419 1984 dietum
1561 1991 1562 2006 χ

276 2034 341 2094 est:
380 2028 461 2092 nisi
499 2027 691 2092 conuersi
733 2027 904 2092 fueritis
943 2032 981 2091 et
1019 2026 1268 2092 efficiamini
1311 2026 1421 2092 sicut

277 2154 374 2218 puer
415 2135 506 2208 iste,
540 2154 614 2199 non
655 2135 874 2199 intrabitis
916 2135 954 2198 in
997 2153 1163 2218 regnum
1204 2134 1420 2198 caelorum.
1439 2157 1462 2196 a
1561 2129 1562 2186 l

276 2261 355 2324 puer
379 2242 462 2305 enim
486 2260 560 2306 cum
583 2240 794 2315 maledicitur,
819 2259 880 2304 non
905 2241 1113 2320 remaledicit,
1138 2259 1210 2305 curn
1235 2241 1423 2322 percutitur,
1485 2244 1503 2297 Ε

277 2367 338 2411 uon
371 2348 553 2431 repercutit,
585 2347 795 2412 ambitionum
827 2353 858 2412 et
890 2349 1070 2430 rapinarum
1100 2350 1332 2430 temptamenta
1362 2365 1421 2412 non

223 2460 267 2522 60
277 2457 375 2519 nouit.
404 2474 479 2538 ergo
507 2454 616 2519 uerius
639 2458 718 2536 puto
742 2454 827 2536 quod
851 2473 889 2519 ne
914 2473 985 2519 cum
1014 2455 1084 2519 aliis
1114 2454 1241 2537 quidem
1266 2454 1423 2518 fiuctibus

277 2562 400 2645 lignum
423 2559 580 2624 edendum
605 2579 675 2624 esse
699 2560 904 2644 praeceperit.
928 2581 1000 2624 nam
1025 2561 1086 2625 etsi
1104 2560 1187 2626 bona
1206 2562 1339 2626 scientia
1356 2580 1423 2643 per-

277 2669 372 2745 fecto,
392 2668 565 2750 inperfecto
580 2671 686 2730 tamen
701 2667 825 2732 inutilis
842 2671 900 2732 est.
916 2669 1124 2751 inperfectum
1139 2669 1277 2734 auserim
1298 2687 1421 2732 omnem
1439 2690 1464 2729 ae

278 2773 439 2839 hominem
463 2773 576 2852 dicere,
602 2773 726 2856 quando
751 2774 821 2857 ipse
844 2775 965 2840 Paulus
989 2776 1080 2858 qnasi
1105 2776 1298 2859 inperfectus
1323 2775 1421 2840 dicat:

278 2899 352 2944 non
387 2900 462 2961 quo
495 2881 572 2944 iam
610 2881 836 2963 acceperim
875 2885 943 2946 ant
979 2883 1053 2946 iarn
1091 2883 1299 2966 perfectus
1338 2882 1422 2954 sim,

279 3005 431 3067 sequor
452 2990 585 3051 autem
604 2987 637 3051 si
657 2987 991 3071 conprehendam,
1011 2993 1043 3054 et
1061 2990 1132 3055 ideo
1147 2989 1331 3074 inperfectis
1347 2988 1423 3052 dicit
1482 2989 1499 3042 F
1561 3007 1562 3076 l

278 3091 442 3157 dominus:
480 3095 609 3158 nolite
642 3095 841 3171 iudicare,
881 3098 923 3160 ut
955 3116 1027 3161 non
1062 3097 1315 3163 indicemini.
1349 3115 1421 3179 ergo
1561 3077 1562 3082 ἵ

370 3336 604 3400 minutulas
644 3337 782 3392 161Petr.
799 3340 822 3400 2,
839 3339 872 3393 23
910 3339 943 3392 22
960 3339 1077 3408 Philipp.
1094 3341 1117 3403 3,
1136 3341 1168 3394 la
1206 3343 1240 3396 24
1255 3340 1355 3395 matth.
1372 3343 1421 3408 7,1

316 3463 327 3514 1
356 3460 561 3516 manducaueris
585 3464 613 3518 R
637 3463 808 3517 manducaris
840 3463 871 3516 γ’
898 3465 1088 3521 manducasses
1117 3465 1141 3520 S
1168 3468 1251 3536 (ares
1278 3471 1335 3530 rull)
1363 3467 1422 3520 BP'

277 3551 294 3602 2
313 3551 431 3620 aliquem
451 3551 514 3604 dare
533 3551 590 3604 ΒΙ)
662 3552 823 3622 interptanti
840 3553 930 3607 CC‘P‘
985 3555 1000 3608 3
1020 3555 1094 3623 qnod
1109 3554 1135 3608 Β
1154 3561 1179 3610 et
1199 3561 1278 3622 (cerr.
1298 3559 1350 3624 ml)
1366 3555 1426 3610 PM

277 3642 294 3693 5
313 3639 442 3710 paradisi]
463 3639 588 3709 paradiso
607 3641 670 3695 NC¹
711 3642 920 3696 emendicatis
939 3643 994 3698 ΕΟ
1034 3645 1068 3699 10
1086 3645 1242 3715 priusqueur
1263 3649 1290 3714 (a
1307 3663 1330 3699 s.
1352 3649 1377 3713 el
1397 3649 1421 3700 A

276 3730 431 3798 priusquam
449 3729 477 3782 P
494 3733 586 3798 (qnam
606 3731 668 3800 dcl.)
686 3731 778 3785 MCO¹
849 3731 992 3786 incidisset
1008 3733 1036 3787 P
1054 3737 1080 3798 <e
1097 3751 1119 3788 s.
1140 3735 1178 3802 cl)
1200 3735 1253 3790 (Ὃ
1311 3737 1343 3789 ll
1364 3753 1421 3789 con-

277 3821 387 3872 secutus
406 3819 488 3872 tacite
505 3819 639 3872 dicemini
661 3824 832 3874 consecutum
853 3820 918 3874 libri
1007 3839 1041 3877 ne
1059 3839 1080 3878 e.
1100 3840 1128 3876 u.
1148 3826 1175 3876 A
1249 3825 1281 3878 12
1301 3823 1421 3880 disemus

279 3907 427 3975 dispellens
445 3909 473 3959 A
529 3909 561 3961 13
581 3908 756 3962 occiosumA
775 3910 894 3962 ociosum
910 3910 940 3962 D
959 3909 1051 3965 odiose
1070 3911 1136 3966 RV‘
1194 3913 1225 3965 17
1245 3915 1421 3967 temtnmenta

278 3997 305 4048 A
361 3996 394 4049 18
413 4000 479 4065 poto
500 4000 566 4059 (ra.
586 4013 670 4064 opr,
690 4013 705 4050 o
726 3997 775 4050 alt.
796 4013 828 4052 ea
848 3997 874 4068 a)
893 4000 920 4053 A
1000 4000 1031 4053 19
1051 4001 1200 4069 preceperit
1219 4005 1319 4070 (epae.
1339 4001 1420 4067 eald

278 4085 310 4136 21
332 4084 551 4154 quandoquidem
569 4086 601 4138 N
672 4087 748 4154 qnasi
766 4089 798 4141 ia
817 4105 867 4158 my.
887 4088 916 4152 S,
937 4105 987 4142 oua,
1006 4089 1067 4142 BP‘
1140 4090 1175 4143 22
1194 4107 1419 4160 non...conpre·

278 4173 394 4227 luendam
413 4191 465 4231 erre.
484 4174 511 4226 B
601 4176 725 4243 quoiam
743 4177 828 4230 APV
845 4177 972 4246 quoniam
991 4177 1055 4231 RV¹
1075 4178 1218 4247 quodiam
1238 4185 1285 4232 cet.
1376 4186 1421 4233 aut

279 4263 333 4314 iarn
354 4261 415 4315 llM
430 4267 478 4316 aut
499 4271 542 4331 qm
560 4264 625 4318 er¹
650 4269 697 4318 aut
721 4283 773 4334 qno
798 4267 851 4320 iam
870 4266 893 4320 S
915 4269 963 4320 aut
986 4265 1059 4336 quod
1083 4265 1112 4334 (d
1135 4283 1156 4323 s.
1179 4283 1206 4321 a.
1231 4272 1288 4332 ra2)
1317 4267 1370 4322 ianr
1388 4269 1419 4320 P

279 4352 313 4403 23
334 4355 361 4402 et
380 4367 431 4406 orn
450 4351 539 4405 ItBP‘
547 4352 587 4418 V‘,
601 4359 667 4420 post
684 4354 746 4406 ideo
765 4355 882 4409 collocat
901 4354 936 4406 M
