3142 4967
272 443 337 507 400
746 439 946 495 Ambrosii

271 636 454 702 hominibus
490 637 594 702 bonus
633 655 703 702 esse
736 637 791 720 qui
824 637 918 702 deum
950 637 1065 702 laesit?
1103 637 1291 702 atrociorem
1322 635 1418 720 igitur

177 735 184 744 ’
272 743 428 808 scelerum
463 747 586 810 reatum
618 744 698 808 uitia
725 745 849 827 reliqua
876 749 1036 823 secuntur,
1066 745 1214 827 quoniam
1244 761 1306 826 quo
1333 742 1418 826 flagi-

272 851 356 916 tiosa
377 851 601 934 propenderint
625 871 661 914 eo
685 851 840 915 inclinant
862 854 977 918 cetera.
1000 855 1037 916 tu
1057 870 1131 935 ergo
1151 852 1299 934 princeps
1318 850 1419 933 operis

272 957 331 1033 tui,
354 960 390 1021 tu
414 957 476 1022 dux
499 957 650 1024 criminis.
675 976 735 1022 non
758 962 791 1021 te
819 957 968 1035 inuitum,
997 978 1057 1023 non
1086 958 1307 1040 inprudentem
1336 975 1419 1020 error
1457 969 1520 1024 alsa

273 1063 418 1142 adtraxit,
441 1064 498 1128 sed
521 1064 723 1128 uoluntarius
741 1083 815 1128 reus
834 1064 964 1141 iudicio,
984 1084 1046 1128 non
1064 1065 1158 1148 lapsu
1176 1063 1282 1128 fecisti
1302 1062 1419 1138 dolum,
1448 1085 1458 1121 n
1542 1109 1543 1114 1

175 1161 208 1245 8,
220 1164 261 1226 26
273 1188 335 1252 quo
360 1172 391 1233 te
414 1169 541 1235 diuinae
563 1170 697 1236 iniuriae
720 1191 810 1236 reum
833 1171 902 1253 ipse
926 1171 1100 1236 conuincis.
1124 1171 1305 1236 admonitus
1324 1169 1421 1253 igitur

272 1280 310 1340 ut
351 1275 528 1359 quiesceret
569 1280 666 1360 auget
705 1278 921 1357 insolentiam,
970 1278 1097 1342 acerbat
1137 1277 1304 1361 flagitium.
1346 1275 1421 1358 quid
1473 1289 1488 1343 Β

272 1383 373 1468 igitur
409 1383 470 1448 sibi
507 1385 580 1448 nult
612 1384 696 1466 quod
730 1386 789 1449 ait:
823 1405 949 1450 eamus
981 1385 1018 1448 in
1052 1403 1219 1466 campum
1253 1383 1316 1448 nisi
1350 1383 1421 1464 qnia

271 1489 363 1556 locus
390 1489 495 1556 nudus
525 1491 722 1575 gignentium
753 1491 885 1576 eligitur·
911 1491 1101 1576 parricidio?
1132 1491 1187 1556 ubi
1216 1491 1300 1555 enirn
1328 1490 1423 1554 frater

272 1595 410 1661 habebat
442 1596 544 1662 occidi
577 1597 639 1662 nisi
672 1597 728 1661 ubi
760 1598 885 1662 fructus
919 1597 1066 1663 deesset?
1103 1601 1266 1678 tamquam
1299 1614 1421 1678 praesa·
1439 1621 1459 1657 n
1544 1650 1545 1686 ,

273 1703 362 1788 giens
395 1707 508 1770 natura
539 1705 621 1768 tanti
653 1704 782 1769 sceleris
816 1707 886 1769 loco
919 1704 1061 1789 germina
1093 1704 1317 1788 denegauerat,
1351 1702 1422 1784 quia
1544 1687 1545 1744 l

275 1829 336 1875 non
375 1810 586 1874 conueniebat
620 1813 657 1875 ut
692 1809 777 1874 idem
816 1810 920 1876 solum
963 1813 995 1874 et
1036 1809 1184 1894 contagia
1225 1808 1420 1892 parricidalis

274 1916 439 2000 sanguinis
480 1917 635 1997 reciperet
675 1921 800 2001 praeter
835 1921 980 1982 naturam
1018 1919 1049 1981 et
1085 1917 1209 1982 fructus
1247 1915 1419 1980 secundum

274 2023 418 2084 naturam
444 2022 642 2106 germinaret.
670 2023 783 2088 merito
808 2023 878 2106 ipse
903 2022 993 2088 dicit:
1023 2041 1148 2088 eamus
1178 2023 1214 2087 in
1245 2041 1420 2104 campum,

274 2149 335 2193 non
369 2128 460 2192 dicit:
496 2147 606 2194 eamus
637 2129 670 2194 in
702 2129 896 2213 paradisum,
929 2129 983 2194 ubi
1016 2149 1110 2212 poma
1141 2129 1263 2206 florent,
1297 2148 1358 2194 non
1389 2127 1419 2192 in
1437 2135 1489 2191 nc

275 2235 414 2318 aliquem
438 2236 563 2302 cultum
586 2238 618 2300 et
640 2237 841 2301 fructiferum
864 2238 981 2301 locum.
1005 2236 1067 2319 ipsi
1089 2235 1265 2318 parricidae
1285 2236 1421 2301 indicant

274 2342 416 2406 fructum
443 2362 477 2406 se
507 2343 635 2408 sceleris
663 2343 779 2408 babere
802 2363 862 2408 non
887 2363 980 2427 posse
1003 2363 1061 2408 nec
1084 2363 1182 2426 penes
1207 2363 1260 2410 eos
1285 2343 1420 2407 fructum

274 2467 402 2514 manere
430 2449 485 2532 qui
512 2452 619 2516 tantae
642 2450 802 2532 impietati
825 2450 1027 2533 praebuerint
1051 2450 1201 2517 officium.
1226 2469 1298 2514 nam
1322 2449 1418 2532 ipsam

274 2557 438 2640 refugiunt
465 2558 696 2622 elementorum
724 2557 964 2641 benignitatem,
992 2561 1030 2622 ut
1056 2557 1118 2622 iste
1147 2557 1235 2634 Cain,
1260 2558 1315 2641 qui
1338 2556 1420 2620 uide·

274 2667 328 2728 tur
359 2663 493 2740 uertice,
517 2684 556 2729 ne
588 2665 706 2748 largior
735 2665 811 2730 boni
843 2667 927 2729 terra
962 2667 1135 2747 prouentus
1172 2665 1265 2730 triste
1302 2664 1420 2729 facinus
1436 2687 1458 2725 a

274 2769 431 2852 inpediret
458 2774 490 2834 et
516 2771 719 2836 liberalitatis
748 2771 958 2836 adsuetudine
986 2770 1145 2854 genitalis,
1174 2791 1236 2853 qua
1264 2770 1342 2834 facit
1363 2768 1420 2834 sibi

275 2876 360 2940 fetus
385 2881 416 2940 et
438 2877 562 2942 fructus
585 2879 691 2942 uarios
716 2878 958 2961 germinascere,
985 2879 1017 2942 in
1046 2877 1106 2942 boc
1130 2897 1257 2961 quoque
1280 2875 1418 2942 criminis

276 2985 429 3064 apparatu
456 2985 509 3048 uel
536 2987 626 3050 muta
653 2986 761 3068 specie
789 2985 840 3050 sui
868 2986 1039 3050 fraternum
1067 2989 1233 3052 reuocaret
1263 2983 1416 3048 affectum.
1470 2989 1487 3041 b

276 3090 356 3152 latro
381 3090 464 3153 diem
488 3091 609 3176 refugit
631 3092 724 3174 quasi
747 3092 889 3157 criminis
913 3095 1041 3169 testem,
1064 3093 1170 3156 lucem
1189 3091 1314 3156 adulter
1332 3089 1418 3172 quasi

276 3195 466 3262 erubescens
500 3198 669 3269 consciam,
701 3199 859 3280 parricida
890 3203 1045 3263 tanarum
1077 3197 1316 3264 fecunditatem.
1350 3215 1418 3280 quo·
1436 3219 1457 3257 a

277 3300 370 3366 modo
408 3301 492 3366 enim
529 3306 653 3385 poterat
685 3305 863 3369 communis
897 3310 1006 3388 partus
1039 3305 1146 3370 uidere
1181 3303 1340 3370 consortia
1369 3303 1419 3384 qui

277 3410 456 3472 consortem
480 3408 531 3474 sui
556 3410 718 3494 sanguinis
741 3411 942 3475 trucidabat?
966 3411 1081 3495 Ioseph
1104 3411 1136 3476 in
1160 3412 1266 3478 lacurn
1289 3410 1420 3475 mittitur

367 3635 383 3688 8
403 3634 469 3689 Gen.
488 3636 515 3702 4,
535 3636 552 3690 8
570 3635 648 3690 Philo
669 3635 780 3702 Quaest.
801 3639 867 3692 167
950 3639 967 3692 9
988 3637 1052 3692 Sall.
1071 3637 1132 3706 Iug.
1154 3637 1197 3704 79,
1217 3639 1233 3692 6
1307 3637 1339 3692 27
1354 3634 1415 3690 Gen.

280 3723 323 3781 37.
344 3725 379 3777 24

315 3814 328 3867 l
347 3812 436 3867 bonus
454 3812 478 3868 S
485 3817 532 3866 m3
549 3813 587 3867 P‘
596 3817 645 3867 ma
666 3815 759 3866 ΜΒ
783 3814 915 3868 bonorum
939 3815 975 3868 Μ
994 3815 1096 3869 bonnm
1119 3813 1175 3869 SP‘
1185 3813 1298 3868 thV
1317 3813 1419 3868 bonone

277 3913 324 3963 (nc
345 3902 408 3966 dez.)
424 3903 467 3956 Μ’
504 3907 520 3958 5
535 3904 563 3957 iu
582 3903 683 3957 indicio
703 3904 726 3956 S
744 3904 784 3969 (in
804 3921 862 3972 exp.
882 3909 907 3958 et
922 3904 1023 3958 iudicio
1038 3919 1088 3959 scr.
1103 3907 1161 3968 m2)
1177 3903 1277 3958 indicio
1291 3902 1391 3956 PM¹P¹
1398 3899 1420 3952 V

278 3992 459 4062 corrigitur
477 3992 504 4045 P
567 3994 582 4045 7
602 3997 713 4046 aceruat
732 3992 790 4046 PV
850 3993 866 4046 9
886 3993 1004 4062 elegitur
1023 3993 1143 4047 SMAA‘
1212 3993 1245 4046 15
1265 3991 1415 4062 paradysum

278 4079 363 4134 SPP‘
416 4081 449 4133 21
471 4096 540 4148 quae
558 4079 617 4133 PV
667 4080 702 4133 22
722 4081 919 4149 germinascere
939 4082 1209 4137 BMoaac.14399
1229 4080 1415 4150 germinascere

276 4168 391 4223 Monac.
411 4171 493 4222 2549
511 4170 531 4237 (i
551 4185 584 4222 cx
602 4172 628 4234 a)
648 4187 667 4239 μ
686 4185 888 4237 germanescere
907 4175 954 4223 cet.
1014 4171 1048 4223 23
1067 4171 1143 4222 muta
1163 4167 1246 4222 SMB
1265 4176 1357 4222 mutua
1374 4167 1416 4218 cet.

277 4259 311 4312 25
338 4258 498 4311 erubescens
523 4257 546 4310 S
571 4261 645 4324 (cens
669 4274 691 4313 a.
717 4274 744 4312 u.
769 4262 827 4318 md)
853 4257 992 4312 AA¹M¹P
1018 4257 1113 4312 erubes
1139 4255 1176 4310 M
1201 4255 1337 4310 erubescit
1361 4251 1417 4306 BP

314 4347 447 4399 consciam
466 4347 494 4398 B
513 4345 642 4399 conscilia
660 4346 703 4398 M‘
722 4348 831 4400 conscia
850 4353 896 4402 cet.
970 4345 1167 4400 fecunditatem
1186 4343 1261 4414 fugit
1278 4343 1306 4397 B
1325 4359 1328 4364 ·
