3142 4967
256 387 324 451 376
732 381 931 436 Ambrosii

197 577 244 642 45
300 577 363 643 Sed
386 577 445 642 hoc
469 577 532 642 nisi
556 577 664 642 diuino
689 577 825 642 donatus
848 596 977 642 munere
1002 577 1127 642 efficere
1151 597 1212 642 non
1240 579 1344 659 podes.
1375 579 1408 641 61

253 686 325 750 iden
359 684 418 750 ait:
453 684 560 749 dabit
591 684 663 749 tibi
698 685 802 764 deus,
835 685 896 750 hcc
930 689 980 749 est
1012 684 1223 768 cogitationes
1255 684 1404 766 optimae,
1452 685 1531 738 2141

253 792 378 877 placida
410 791 552 870 consilia,
585 791 773 874 tranquillas
806 790 1015 856 inuenticnes.
1054 809 1128 856 cum
1161 790 1282 855 dederit
1316 791 1405 865 haec,

253 900 347 963 telles
377 918 469 964 omne
498 898 582 981 quod
611 899 712 980 aperit
737 899 872 964 uuluam
895 897 1107 964 masculinum
1134 901 1165 962 et
1188 897 1405 964 sanctificabis

251 1007 393 1072 domino.
418 1026 479 1071 nun
503 1007 608 1070 coium
629 1006 727 1090 erigit
745 1025 764 1070 e
781 1008 813 1070 te
833 1006 923 1083 dens,
943 1006 1122 1086 quitatum
1142 1005 1281 1070 donauit.
1303 1005 1405 1070 multa
1440 1025 1452 1062 s

249 1113 339 1178 enim
355 1113 394 1177 ed
413 1133 509 1177 usum
529 1113 728 1178 substantiae
746 1112 881 1196 largitur
898 1113 1066 1190 humanae,
1086 1112 1197 1178 611166
1216 1133 1278 1178 non
1297 1115 1407 1196 petest

250 1239 325 1285 esse
354 1219 501 1285 diuinum
529 1219 730 1297 sacrificium,
758 1219 814 1285 ubi
839 1221 889 1286 661
912 1239 991 1284 usus
1014 1224 1154 1296 naturae.
1181 1218 1272 1284 edere
1295 1220 1404 1284 bibere

252 1327 391 1418 dormire
420 1326 545 1410 aliaque
572 1326 750 1391 ministeria
778 1327 918 1409 corperis
951 1327 1032 1392 dono
1065 1329 1142 1391 sarni
1173 1327 1233 1390 1111
1266 1326 1402 1404 conlata,

255 1453 317 1498 nen
341 1436 413 1497 616
441 1434 541 1498 relat-a
568 1434 625 1498 deo
654 1453 793 1498 munera.
826 1433 979 1516 quicquid
1007 1436 1114 1497 autem
1143 1437 1290 1498 sancium
1319 1436 1403 1519 cugi-

255 1541 385 1617 teneris,
409 1541 469 1604 huc
492 1541 542 1604 dei
565 1560 681 1605 munus
705 1544 765 1620 est,
790 1540 841 1605 dei
864 1540 1040 1623 inspiratio,
1065 1539 1115 1604 dei
1139 1541 1249 1624 gratia,
1275 1542 1362 1606 sicut
1385 1561 1401 1606 c
1421 1553 1481 1610 ch

255 1648 410 1713 contrarie
441 1648 498 1712 iila
530 1668 610 1730 qnae
635 1644 731 1734 [cum]
755 1649 787 1712 in
816 1667 878 1712 usu
906 1651 1034 1712 naturae
1063 1648 1219 1712 humanae
1243 1652 1321 1713 sunt
1342 1669 1402 1714 neu

256 1755 461 1837 coinquinent
483 1755 655 1832 hominem,
680 1755 736 1819 sed
760 1755 845 1838 quod
870 1755 933 1819 exit
957 1754 994 1819 de
1015 1773 1079 1832 ore,
1098 1755 1193 1832 furta,
1212 1755 1294 1820 falsa
1313 1757 1403 1820 iesti-

201 1860 371 1935 46mcnia,
400 1860 576 1944 sacrilegia,
601 1861 678 1924 haec
702 1866 777 1926 sunt
805 1881 885 1944 quae
918 1861 1123 1943 coinquinant
1154 1861 1326 1926 hominem.
1357 1861 1403 1924 in-

254 1967 370 2032 teriere
386 1986 460 2051 ergo
478 1969 587 2031 nostra
605 1959 807 2045 mundemus
827 1972 864 2031 ui
881 1967 986 2050 possit
1005 1965 1122 2031 oblatio
1142 1985 1202 2032 nou
1223 1967 1400 2050 displicere.
1551 2047 1552 2068 Χ

208 2142 210 2145 ,
255 2074 300 2138 ibi
330 2093 518 2156 quaeramus
547 2093 640 2139 omne
669 2075 754 2156 quod
783 2074 886 2157 aperit
916 2074 1048 2138 uuluam
1082 2074 1307 2153 masculinum,
1341 2075 1400 2140 huc
1420 2101 1444 2140 ιε
1551 2125 1552 2128 ¹

255 2185 306 2244 est
328 2180 451 2244 iustum
476 2184 509 2246 61
531 2181 714 2264 principale,
741 2181 824 2262 qued
850 2181 1045 2246 sanctificare
1070 2181 1195 2246 domino
1220 2181 1401 2248 debeamus.
1551 2247 1552 2258 ,

256 2306 358 2369 neque
383 2288 467 2352 enirn
490 2288 524 2352 hi
547 2308 604 2353 nus
629 2289 769 2370 corporei
794 2291 905 2354 coecus
925 2291 1019 2370 atquc
1040 2292 1211 2370 conceptus
1230 2293 1401 2372 pariusque
1461 2295 1479 2352 C

254 2395 465 2473 sanctificant,
490 2396 606 2478 quibus
627 2396 727 2460 uulua
745 2396 881 2460 feminee
901 2395 1050 2460 deflorato
1069 2395 1190 2477 pudure
1208 2396 1401 2481 uirginitatis
1551 2401 1552 2454 1

257 2501 405 2583 aperitur.
433 2521 506 2566 nam
534 2503 595 2566 etsi
623 2503 739 2566 mulier
766 2501 943 2566 sanctificet
970 2502 1073 2566 uirum
1098 2506 1131 2566 61
1154 2503 1203 2566 uir
1225 2503 1401 2582 mulierem,
1551 2493 1552 2512 ¹

256 2610 362 2670 tamen
391 2607 577 2690 plerumque
606 2607 763 2692 contingit
790 2607 924 2692 uirginis
952 2609 1085 2673 uuluam
1113 2608 1210 2673 eiiam
1239 2607 1307 2673 eine
1331 2629 1402 2674 eon·
1419 2635 1443 2675 ro
1551 2617 1552 2690 ᾖ

256 2712 337 2796 iugii
361 2713 529 2778 sanctiate
551 2714 694 2778 reserari.
723 2735 824 2796 neque
848 2734 973 2779 rursum
997 2716 1067 2781 sula
1090 2715 1193 2780 uirilis
1217 2720 1267 2780 661
1290 2717 1401 2800 gratia,
1551 2711 1552 2714 '

256 2819 371 2884 mulier
398 2823 505 2884 antem
533 2821 793 2888 sanctificationis
823 2822 924 2886 aliene
952 2825 1010 2900 esd,
1041 2825 1097 2887 aut
1118 2823 1285 2905 utriusque
1309 2843 1401 2888 serus
1551 2801 1552 2844 ¹

258 2926 389 2990 confuse
418 2931 531 2992 nature
558 2931 617 3004 661,
645 2931 683 2993 ut
705 2931 839 3010 uterque
864 2947 1030 3011 corporeos
1053 2929 1204 2994 fundatur
1224 2930 1258 2994 in
1281 2935 1401 3012 partus.

257 3033 375 3097 habent
411 3054 468 3099 sue
505 3034 615 3099 munia
650 3035 722 3113 uiri,
758 3036 876 3100 habeni-
908 3036 1058 3100 mulieres
1090 3056 1184 3102 serus
1217 3037 1267 3102 sui
1301 3037 1402 3104 officia
1551 3031 1552 3052 ¹

257 3141 402 3205 discreta.
427 3144 588 3226 generatio
611 3142 675 3207 1616
697 3142 911 3208 successionis
933 3144 1090 3208 humanae
1113 3144 1277 3209 mulierem
1298 3145 1473 3224 (16661661)

204 3247 454 3331 47inp0ssibilis
483 3249 592 3313 eadem
620 3249 700 3315 uiro.
734 3268 808 3333 ergo
834 3249 862 3313 si
886 3251 988 3314 cernis
1012 3251 1086 3315 usui
1109 3269 1170 3315 non
1195 3250 1330 3334 quadrat
1352 3251 1401 3315 hic

258 3373 382 3431 sensus,
411 3354 515 3421 efficia
543 3355 664 3420 animae
692 3355 914 3421 discutiamus.
942 3356 1037 3421 istem
1063 3377 1137 3422 sane
1160 3356 1297 3436 inuenio,
1324 3377 1400 3441 quae

347 3616 464 3673 auron.
487 3618 527 3680 13,
553 3618 584 3671 11
677 3621 693 3672 5
717 3618 798 3673 Phile
824 3617 857 3672 dc
880 3635 946 3673 caer.
972 3620 1006 3674 30
1029 3619 1101 3690 (182,
1126 3620 1173 3682 27;
1197 3619 1210 3673 Ι
1234 3621 1295 3683 242,
1320 3621 1337 3674 8
1362 3620 1400 3688 C.)

257 3707 290 3759 11
310 3705 410 3759 matth.
431 3707 472 3768 15,
494 3707 523 3760 11
546 3710 574 3760 61
595 3707 627 3761 18
646 3724 686 3777 sq.
762 3707 828 3761 191
848 3706 907 3762 Cor.
928 3709 951 3770 7,
973 3709 1006 3762 14
1077 3709 1110 3762 21
1131 3707 1209 3762 Philo
1230 3708 1263 3762 de
1283 3726 1349 3763 sacr.
1369 3709 1400 3764 30

259 3795 331 3862 (183,
351 3797 380 3858 4;
398 3793 413 3848 Ι
431 3797 492 3860 243,
512 3797 528 3849 8
550 3796 592 3866 O.)

295 3937 439 4007 8aiiaque
458 3939 542 3992 etiam
560 3939 683 3992 misteria
701 3938 729 3991 B
808 3941 896 3994 9n0n
916 3942 979 3993 616
1002 3940 1089 3993 relate
1108 3956 1159 3994 cnr.
1178 3940 1212 3994 M
1293 3941 1323 3994 ll
1345 3955 1399 3994 cum

257 4025 372 4090 incluse
393 4032 444 4079 aut
462 4043 646 4096 quaecumque
664 4027 839 4082 scribendum
904 4029 936 4082 17
955 4029 994 4081 hii
1013 4028 1134 4083 SMAA‘
1202 4033 1295 4083 coecus
1313 4028 1400 4083 SMP‘

260 4115 346 4167 coitus
365 4115 392 4166 A
418 4116 525 4184 cogiius
544 4116 580 4168 A‘
607 4122 683 4188 cetus
706 4117 734 4170 P
761 4120 837 4171 cetus
860 4117 904 4170 Μ’
927 4125 952 4172 et
975 4123 1017 4172 cri
1038 4117 1064 4172 V
1084 4117 1156 4189 fetus
1174 4119 1202 4172 B
1221 4117 1294 4172 seins
1317 4117 1400 4170 Vme

260 4203 294 4256 19
313 4203 365 4255 etei
384 4203 407 4257 S
424 4207 464 4268 (et
482 4206 512 4260 iu
530 4221 587 4259 rue.
606 4222 639 4259 ec
657 4210 681 4273 6)
736 4207 888 4260 sanctificet
902 4206 1022 4262 SMAA‘
1041 4207 1192 4263 sanctificat
1210 4213 1258 4262 661.
1309 4207 1340 4260 21
1360 4221 1398 4258 re·

260 4291 362 4344 seruari
380 4291 465 4346 SAA¹
485 4294 599 4347 resecari
617 4295 645 4348 P
715 4311 807 4348 narsus
826 4295 889 4349 AA‘
945 4297 978 4350 27
998 4296 1052 4350 istc
1069 4295 1127 4349 PV
