3142 4967
269 461 334 525 460
739 456 935 510 Ambrosii

268 654 369 736 prima
405 654 515 718 statim
551 652 657 735 specie
693 652 827 717 cisionis
864 652 985 717 offensa
1019 652 1143 735 regredi
1180 652 1346 717 festinauit
1377 652 1415 717 ad

269 764 406 826 mentem
422 762 622 843 animamque
636 762 726 825 iusti.
743 760 827 841 quod
843 760 910 823 illic
921 760 1132 825 diuerscrium
1142 758 1204 823 sibi
1214 760 1414 824 tutissimum

269 868 311 933 sit
336 869 503 944 locatum,
519 886 555 932 co
584 868 669 949 quod
697 867 772 930 alibi
801 870 963 949 tamquam
993 866 1141 931 columba
1164 867 1209 930 ita
1231 866 1415 931 huiusmodi

268 975 371 1039 uirtus
395 975 565 1039 stationem
589 973 785 1038 tutissimam
810 973 951 1037 inuenire
979 992 1041 1036 non
1069 973 1181 1055 possit.
1214 972 1303 1037 tarde
1332 974 1414 1037 enirn
1477 982 1494 1038 c

267 1082 348 1145 inter
370 1082 506 1146 astutias
530 1081 625 1145 istius
650 1080 758 1145 mundi
783 1083 815 1143 ct
838 1081 1048 1145 saecularium
1067 1081 1184 1145 fluctus
1204 1080 1415 1163 cupiditatum
1444 1102 1455 1139 a

214 1195 256 1257 65
268 1192 393 1270 portum
428 1189 511 1253 solet
536 1188 679 1252 inuenire
708 1187 911 1270 simplicitas.
944 1188 1052 1268 itaque
1082 1187 1167 1252 sicut
1193 1188 1297 1250 uirtus
1325 1187 1416 1251 uelut

267 1296 391 1360 uisendi
412 1296 513 1379 gratia
535 1312 704 1379 progressa
727 1294 888 1378 paulisper
912 1294 951 1359 ad
975 1298 1112 1359 mentem
1137 1294 1289 1376 optimam
1314 1293 1414 1358 redire

267 1402 397 1468 festinat
429 1422 486 1467 uec
519 1402 646 1486 lougius
681 1402 818 1466 discedit
849 1422 867 1467 a
899 1402 995 1479 iusto,
1028 1401 1074 1465 ita
1106 1403 1202 1465 etiam
1238 1401 1346 1465 iustus
1384 1404 1416 1464 et

267 1508 432 1573 studiosus
470 1509 613 1585 uirtutis
651 1509 707 1573 ubi
744 1509 898 1575 uirtutem
935 1508 1185 1591 adpropinquare
1218 1508 1414 1591 cognouerit,

267 1615 422 1698 gremium
447 1630 523 1679 suae
546 1615 663 1679 mentis
688 1614 843 1696 expandit.
869 1613 944 1696 quid
969 1615 1051 1678 enim
1076 1614 1138 1679 sibi
1161 1614 1234 1679 uult
1257 1613 1343 1694 quod
1366 1614 1415 1678 nir
1433 1636 1455 1677 no
1548 1670 1549 1679 ,

266 1722 431 1787 studiosus
468 1722 598 1786 uirtutis
636 1720 705 1785 Noe
742 1720 913 1785 extendeus
946 1740 1074 1784 manum
1104 1720 1250 1803 suscepit
1281 1738 1352 1784 eam
1383 1725 1416 1785 et
1548 1704 1549 1719 ¹

264 1828 440 1893 introduxit
457 1828 496 1894 ad
516 1832 570 1892 sc?
590 1828 675 1909 quod
695 1828 756 1891 etsi
775 1827 951 1891 secundum
969 1827 1109 1891 litteram
1128 1827 1259 1908 planum
1274 1826 1413 1901 uidetur,
1469 1836 1489 1889 D

264 1954 326 1999 nou
354 1934 448 1999 facile
477 1937 584 1999 tamen
618 1933 762 2016 colligas,
798 1933 860 1997 uisi
892 1932 954 1996 uiri
987 1933 1139 2015 sapientis
1171 1932 1231 1997 tibi
1263 1934 1340 1997 nota
1371 1932 1414 1999 sit

265 2042 472 2117 cousuetudo,
501 2041 555 2124 qui
582 2041 673 2104 uelut
700 2039 908 2121 speculatrice
932 2040 1052 2103 uirtute
1076 2039 1178 2103 utitur
1201 2042 1233 2103 et
1256 2040 1285 2103 ci
1309 2039 1412 2123 erplc-

264 2148 432 2213 raudorum
456 2148 655 2231 negotiorum
679 2146 951 2229 gerendorumque
975 2146 1228 2229 praerogatiuam
1254 2146 1411 2228 quandam
1430 2166 1451 2205 n

264 2256 394 2320 uidetur
417 2254 626 2319 committere.
651 2273 688 2317 ea
707 2272 781 2337 ergo
801 2253 905 2317 uirtus
925 2252 1076 2335 expendit
1090 2254 1228 2330 naturam,
1248 2256 1285 2317 ut
1304 2253 1331 2318 si
1352 2271 1413 2334 qna

265 2382 372 2427 earum
396 2361 457 2427 sibi
482 2360 609 2425 uidetur
627 2359 844 2437 adcommoda,
862 2358 1041 2441 profectum
1061 2359 1090 2422 ei
1107 2360 1213 2441 possit
1229 2359 1409 2443 adiungere.

265 2469 443 2534 communis
467 2468 551 2531 enim
574 2468 729 2549 quaedam
752 2469 803 2532 est
825 2467 950 2531 bonitas
975 2466 1148 2549 sapientiae
1169 2470 1200 2529 et
1217 2465 1360 2530 liberalis
1379 2469 1410 2530 ct

263 2577 352 2660 large
369 2575 529 2652 utilitatis,
548 2575 595 2639 ita
614 2578 751 2657 utquas
775 2574 947 2658 morigeras
972 2573 1033 2638 sibi
1057 2573 1157 2637 cernit
1179 2572 1331 2637 adsociet.
1356 2573 1409 2637 ubi
1467 2570 1486 2625 Ε

264 2687 370 2747 autem
400 2683 561 2764 proposito
590 2700 649 2747 suo
677 2681 795 2745 uiderit
823 2681 1002 2762 aliquorum
1030 2679 1228 2744 recalcitrare
1255 2683 1447 2755 notaremur

264 2791 355 2854 uelut
382 2789 422 2853 ad
448 2788 624 2870 hospitium
653 2787 809 2851 familiare
844 2787 905 2852 sibi
933 2788 1057 2851 reuolat
1085 2791 1117 2849 ot
1144 2788 1287 2864 recurrit,
1318 2805 1406 2869 quam

264 2896 391 2978 sapiens
415 2899 446 2960 et
470 2894 646 2959 industrius
669 2898 834 2976 tamquam
856 2913 953 2958 manu
978 2894 1114 2976 quadam
1137 2894 1255 2958 meutis
1283 2892 1409 2957 festinat

264 2984 416 3084 excipere,
445 3020 537 3065 omne
566 3020 620 3065 cor
647 3001 791 3083 aperiens
819 3020 924 3077 suum,
949 3020 1010 3083 qno
1035 3000 1223 3065 camoliam
1249 3000 1408 3065 absentem

264 3108 405 3183 tenebat;
438 3126 611 3189 numquam
644 3107 728 3170 euim
760 3110 869 3188 potest
897 3108 1022 3189 sapiens
1051 3125 1140 3171 exors
1168 3106 1313 3189 propriae
1342 3123 1409 3170 esse

264 3214 407 3277 uirtutis.
1422 3228 1445 3270 aa

210 3309 252 3373 66
309 3318 393 3399 Quid
415 3322 580 3403 praeterea
607 3320 668 3384 sibi
697 3320 777 3384 uelit
804 3320 888 3403 quod
916 3321 1018 3384 tenuit
1047 3324 1170 3402 septem
1198 3318 1311 3383 diebus
1339 3317 1407 3383 aliis

264 3426 444 3491 columbam
459 3429 493 3490 et
509 3427 626 3490 iterum
645 3426 768 3491 dimisit
788 3446 867 3505 eam,
887 3426 947 3491 nisi
968 3430 1004 3491 ut
1022 3427 1168 3491 aduertas
1189 3426 1275 3509 quod
1294 3427 1406 3491 bonum
1464 3422 1481 3475 F

263 3532 416 3615 sapientis
449 3533 669 3616 optimumque
702 3532 903 3614 propositum
935 3552 1061 3614 semper
1097 3534 1159 3597 sibi
1196 3533 1293 3597 etiam
1331 3531 1407 3595 alios

354 3758 387 3811 10
406 3757 487 3811 Philo
507 3756 619 3821 Quaest.
638 3757 666 3811 11
683 3758 719 3811 10
774 3760 808 3813 26
829 3758 894 3827 Gen.
915 3759 940 3821 8,
961 3760 995 3813 10
1013 3758 1092 3811 Philo
1113 3757 1223 3823 Quaest.
1244 3756 1324 3812 1141

297 3902 314 3951 4
333 3898 410 3952 tarde
430 3899 457 3951 P
476 3901 516 3962 (er
533 3898 565 3951 in
583 3914 639 3951 ras.
658 3902 715 3963 m2)
772 3901 789 3953 6
809 3900 907 3968 u'rtus]
927 3900 1014 3952 iustus
1036 3898 1183 3952 Oiustitia
1200 3897 1297 3951 DNM
1332 3898 1408 3951 8nec

261 3987 821 4055 P(cru2e.cl)T¹(cinras.)neB
896 3987 928 4040 14
949 3987 1237 4091 qrpiPliexecffl)
1314 3990 1408 4039 ibex·

262 4103 372 4173 pendit
390 4104 418 4156 P
501 4119 556 4171 qua
572 4102 601 4156 P
618 4108 646 4164 (a
663 4120 684 4156 a.
704 4120 732 4159 u.
751 4107 808 4167 ur2)
902 4104 934 4155 17
954 4101 1130 4167 adcommoda
1152 4102 1177 4155 Τ
1194 4103 1365 4167 coruruitterc
1384 4101 1410 4153 P

262 4198 380 4261 (puncto
403 4208 495 4253 croac,
516 4208 538 4245 s.
564 4208 619 4245 rae.
642 4194 660 4244 9
679 4192 745 4259 tiam
768 4190 946 4245 adcommoda
968 4207 1076 4245 mosum
1100 4206 1156 4245 esso
1173 4191 1294 4257 uidetur)
1318 4191 1348 4243 T⁴
1367 4192 1407 4255 (iu

261 4298 314 4348 quo
333 4281 386 4334 sibi
405 4283 445 4347 se)
465 4286 512 4336 cet.
549 4282 581 4333 21
602 4280 763 4349 requiritT
780 4285 878 4347 (curs.
899 4280 943 4348 qui
962 4282 1019 4347 m2)
1057 4280 1092 4335 23
1111 4280 1230 4349 occipere
1249 4280 1277 4333 B
1312 4281 1347 4334 24
1365 4296 1405 4332 er·

260 4385 318 4421 sors
337 4369 365 4420 P
381 4371 404 4438 (s
418 4386 463 4438 pr.
482 4385 503 4423 c,
523 4374 563 4436 u.)
585 4369 704 4423 Y‘DNB
759 4372 792 4424 27
813 4358 903 4424 emisit
920 4370 947 4423 B
