3142 4967
265 434 333 499 424
741 435 938 489 Ambrosii

190 625 231 687 15
265 630 310 693 ibi
329 648 412 695 nunc
432 630 562 695 decorae
582 630 740 695 castitatis
760 630 916 696 adolescit
940 630 1108 696 hereditas.
1133 629 1290 695 inlinies
1315 629 1417 711 inquit

266 754 344 801 eam
373 736 573 802 bitumine.
602 756 639 801 er
666 737 777 802 multis
803 738 930 802 ossibus
955 737 1124 820 neruisque
1150 741 1183 801 et
1206 738 1322 803 ceteris
1346 737 1415 802 aliis

266 846 391 908 constat
413 843 588 908 humanum
610 862 736 927 corpus.
760 847 793 909 et
811 843 887 909 foris
906 843 1007 929 igitur
1026 847 1058 909 ot
1075 844 1163 909 intus
1183 847 1257 927 apta
1276 862 1415 926 conpage

265 967 419 1014 conexum
439 950 501 1014 sibi
519 950 670 1015 adhaeret
689 954 722 1014 et
739 949 927 1016 habitudine
946 950 1081 1035 propria,
1102 970 1197 1032 quam
1220 945 1278 1021 ἕξιν
1304 948 1416 1015 Graeci

265 1057 389 1135 dicunt,
414 1060 551 1135 tenetur,
580 1061 618 1122 ut
645 1057 733 1122 intus
761 1058 891 1123 clausus
920 1057 1051 1141 spiritus
1080 1057 1135 1140 qui
1162 1057 1344 1121 infunditur
1363 1057 1416 1119 uel
1443 1076 1453 1113 a

266 1162 419 1246 spiritalis
446 1163 630 1229 substantia
657 1184 737 1247 quae
765 1166 852 1229 intus
882 1168 1030 1247 operatur
1056 1164 1159 1229 ueluti
1184 1163 1320 1248 geminis
1344 1180 1414 1227 con·
1473 1166 1490 1218 B

220 1277 222 1281 ’
265 1270 378 1336 stricta
412 1270 552 1335 uinculis
589 1289 651 1335 non
690 1273 853 1355 euagetur‚
892 1270 948 1335 sed
985 1270 1024 1335 ad
1056 1270 1211 1335 unitatem
1245 1274 1351 1353 aptam
1384 1272 1415 1333 et

265 1377 483 1441 concinentem
503 1377 769 1459 conexionemque
789 1377 930 1443 ualidam
949 1378 1144 1443 cohibeatur.
1168 1376 1240 1441 ideo
1259 1376 1414 1441 bitumine

265 1502 338 1547 arca
374 1483 549 1567 constringi
586 1483 728 1561 iubetur;
768 1486 819 1549 est
851 1484 935 1549 enim
968 1484 1112 1550 bitumen
1145 1483 1344 1549 uehementis
1378 1482 1415 1547 ad

265 1591 545 1675 constringendum
582 1592 721 1657 naturae.
756 1590 839 1655 unde
872 1610 984 1675 graece
1017 1589 1186 1677 ἄσφαλτος,
1207 1590 1324 1655 dieitur
1357 1586 1414 1651 irad
1433 1611 1453 1649 ro

264 1692 318 1779 τὴς
349 1692 531 1782 ἀσφαλείας,
564 1698 625 1761 100
659 1700 709 1762 est
744 1696 913 1774 tutamine,
951 1696 1036 1779 quod
1074 1698 1232 1762 disiuncta
1269 1700 1416 1765 conectat

264 1820 408 1885 nexuque
437 1804 635 1888 constringat
662 1803 890 1884 indissolubili,
919 1804 964 1869 ita
988 1807 1024 1868 ut
1048 1804 1182 1869 natrrrali
1205 1805 1331 1871 unitate
1356 1806 1413 1871 sibi

265 1908 375 1973 credas
408 1911 587 1975 conuenire.
621 1911 660 1975 ob
694 1911 773 1975 hanc
807 1930 936 1975 causam
969 1912 1056 1976 intus
1090 1914 1122 1976 et
1153 1911 1230 1977 foris
1258 1910 1414 1977 bitumine

265 2034 336 2078 arca
359 2016 599 2101 constringitur,
622 2036 661 2081 ne
686 2017 814 2083 conexio
838 2018 894 2083 illa
917 2017 1010 2082 facile
1033 2022 1207 2101 rumpatur.
1472 2018 1487 2069 (Γ

166 2118 254 2199 alt
309 2120 396 2185 Alibi
428 2125 546 2199 autem,
579 2122 639 2187 hoc
671 2126 721 2187 est
753 2123 784 2187 in
815 2122 921 2188 Exodo
951 2124 1045 2187 etiam
1075 2124 1244 2187 deauratur
1270 2124 1359 2187 intus
1383 2126 1413 2187 et
1431 2145 1450 2185 u

264 2227 342 2292 foris
367 2228 526 2305 arcaida,
551 2229 685 2310 quaein
710 2229 831 2295 sanctis
855 2234 905 2294 est
927 2229 1038 2295 mundi
1060 2228 1280 2312 intellegibilis
1310 2228 1411 2293 imita·

265 2335 324 2398 trix
346 2334 466 2418 imago.
489 2334 575 2399 sicut
597 2336 681 2400 onim
700 2335 872 2418 pretiosius
891 2354 1002 2401 aurum
1022 2334 1177 2400 bitumine
1196 2335 1242 2399 ita
1259 2335 1316 2399 illa
1334 2352 1410 2418 quae
1465 2327 1483 2379 h

264 2442 295 2505 iu
321 2442 439 2507 sanctis
462 2446 513 2506 est
534 2461 607 2507 arca
630 2461 725 2525 quam
746 2444 810 2507 ista
828 2441 1046 2526 praestantior.
1068 2442 1201 2525 denique
1220 2442 1274 2507 hic
1293 2442 1411 2524 simpli-

264 2549 344 2612 citer
370 2549 457 2632 ligna
484 2550 603 2631 posuit,
630 2548 677 2613 111
704 2551 813 2614 autem
841 2549 929 2633 ligna
956 2548 1094 2631 quidem,
1128 2548 1183 2613 sed
1215 2548 1410 2631 inputribilis

264 2656 492 2738 conprehendit
518 2656 681 2720 declarans
709 2656 823 2721 merita
851 2660 1043 2721 sanctorum.
1072 2654 1195 2719 addidit
1222 2655 1318 2719 etiam
1346 2656 1408 2719 illic
1424 2680 1447 2716 a·
1541 2674 1542 2701 r

265 2762 500 2846 supportatoria
526 2762 706 2827 immobilia
733 2782 814 2840 esse,
843 2762 927 2847 quod
956 2765 1138 2827 sanctorum
1166 2761 1261 2827 statio
1288 2762 1408 2826 stabilis

266 2872 299 2933 et
325 2868 414 2933 firma
442 2870 494 2943 sit,
528 2869 603 2951 quia
633 2869 720 2933 uitae
751 2869 924 2951 probabilis
956 2868 1116 2933 tramitem
1149 2868 1281 2933 uirtutis
1313 2869 1408 2933 ductu

266 2976 372 3039 secuti
395 2981 470 3041 suut
492 2976 688 3059 corruptelae
712 2976 906 3041 declinantes
926 2975 1092 3045 consortia.
1117 2976 1196 3040 haec
1214 2978 1320 3040 autem
1339 2992 1407 3040 arca

266 3084 379 3164 utpote
405 3084 437 3146 in
465 3082 589 3148 diluuio
617 3083 679 3147 buc
708 3086 803 3165 atque
831 3084 909 3148 illuc
931 3086 1020 3147 motu
1043 3082 1255 3165 inpellebatur
1277 3082 1405 3154 incerto,
1463 3070 1478 3123 l

175 3198 182 3229 ·'
267 3206 303 3252 eo
332 3189 415 3271 quod
442 3193 647 3269 peccatorum
674 3193 778 3254 status
807 3188 935 3255 mobilis
964 3190 1007 3254 sit
1036 3194 1068 3252 et
1094 3188 1162 3253 uita
1195 3207 1302 3253 eorum
1335 3206 1444 3268 quo-u
1540 3242 1541 3245 ,

266 3294 338 3360 darn
376 3295 617 3360 redundantium
655 3297 839 3379 passionum
878 3296 999 3361 diluuio
1043 3295 1237 3378 corruptioni
1279 3294 1406 3359 obnoxia
1540 3290 1541 3307 ¹

357 3558 370 3610 1
391 3556 458 3611 Gen.
479 3559 505 3619 6,
526 3559 560 3611 14
577 3558 656 3611 Philo
676 3557 788 3623 Quaest.
808 3556 871 3612 114
927 3559 959 3612 15
979 3557 1063 3612 Exod.
1083 3558 1126 3621 25,
1148 3558 1180 3611 10

303 3698 315 3751 1
338 3696 450 3751 decorae
471 3698 494 3758 (l
513 3715 529 3751 a
546 3714 568 3752 0.
588 3715 620 3751 ae
634 3702 691 3766 nr2)
716 3700 747 3752 P
819 3698 928 3753 inlinies
948 3700 972 3769 (o
991 3714 1014 3803 s¹¹¹
1031 3704 1070 3765 u.)
1091 3699 1117 3763 iu
1137 3698 1234 3767 inquid
1254 3702 1278 3763 (t
1295 3714 1315 3753 s.
1334 3696 1361 3767 d)
1380 3698 1405 3751 P

265 3814 360 3867 deam
379 3806 486 3867 Neam
505 3830 594 3867 arcam
613 3814 641 3867 P
660 3831 718 3867 cam
738 3815 819 3869 archa
838 3815 865 3867 B
884 3830 942 3867 eam
962 3832 1049 3878 arcam
1074 3814 1104 3867 l*
1124 3830 1212 3868 arcam
1235 3814 1260 3867 T
1324 3812 1402 3875 litu

264 3904 363 3972 scripsi
382 3904 455 3957 erciu
477 3902 594 3957 Terein
613 3910 659 3958 cet.
733 3904 878 3973 graeceT
930 3904 1138 3969 idiuinitatrm
1157 3904 1185 3957 P
1232 3902 1404 3957 tcohibetur

264 3986 325 4045 'TN
368 3995 384 4046 9
404 3992 553 4060 constringi
572 3992 653 4046 archa
671 3992 699 4060 (h
718 4009 739 4045 s.
758 3992 799 4061 re.)
819 3992 852 4045 N
903 3992 936 4045 10
955 3992 1069 4046 assaltus
1093 3992 1216 4045 Trauos
1231 3992 1292 4055 PB,
1311 4008 1360 4047 om.
1374 3990 1401 4042 X

266 4082 296 4135 ll
319 4082 369 4133 ἀπὸ
388 4088 437 4152 τῆς
457 4078 1177 4151 acpdetaqreaper?aHOTHChC‹l›Ah1AlAGPT⁴
1196 4078 1400 4136 1110111010-

265 4169 428 4224 ψΑΝΑΙΑΟ
448 4170 472 4223 Τ
488 4158 818 4225 anorflcacdaatatas
831 4168 864 4223 N
875 4186 898 4222 a.
913 4174 991 4237 potes
1003 4168 1137 4224 arialtites
1151 4169 1179 4223 Β
1216 4210 1218 4217 .
1235 4167 1403 4224 tutamineP

265 4263 308 4311 ml
322 4258 372 4311 ΤΒ
389 4258 523 4312 bitumine
541 4259 623 4313 Pma
642 4264 689 4313 cet.
747 4260 779 4313 15
801 4256 897 4312 enordo
911 4258 939 4311 P
957 4262 981 4323 <r
1000 4262 1082 4324 crae.)
1155 4257 1219 4311 foris
1240 4262 1267 4311 et
1287 4259 1357 4312 intus
1373 4254 1400 4309 Γ

267 4348 300 4401 17
321 4348 403 4417 einim]
425 4348 505 4401 etiam
531 4347 555 4399 T
606 4349 641 4401 25
659 4364 698 4416 og.
720 4348 793 4401 nitas
805 4391 809 4403 .
823 4389 828 4399 .
841 4389 846 4401 .
858 4347 989 4400 obnoxiae
1008 4347 1065 4401 NB
