3142 4967
324 437 366 490 De
385 435 452 491 Cain
471 440 499 490 et
517 434 587 490 Abel
604 436 632 490 11
650 437 676 500 3,
697 438 739 493 10.
761 437 791 493 11
813 438 907 502 (1210
926 437 1036 492 Α-211
1058 439 1100 506 Α).
1246 442 1310 506 387

163 635 289 717 plenius
325 633 405 698 mihi
441 632 551 698 uideor
587 633 684 699 uerba
713 631 797 716 legis
830 635 861 696 et
896 632 1046 716 mysteria
1076 653 1310 718 recognoscere,

164 741 239 824 qnia
265 740 386 806 asinam
414 743 471 804 aut
502 739 759 806 commutandam
788 757 848 803 oue
876 739 987 804 docuit
1017 743 1073 804 aut
1095 739 1308 806 redimendam

161 848 307 929 pecunia,
339 849 464 912 utnon
492 846 598 910 solum
626 846 733 912 asinae
759 849 886 927 partum
915 865 985 923 oue,
1016 847 1077 912 hoc
1105 850 1155 911 est
1182 848 1309 914 mundis
1338 861 1359 914 Ε

160 955 315 1020 inmunda
354 957 526 1032 mutemus,
570 952 626 1018 sed
667 953 764 1017 etiarn
805 953 1009 1020 redimamus.
1056 954 1141 1037 quod
1182 955 1311 1020 uidetur

131 1061 302 1144 sexprimi,
331 1062 359 1125 si
385 1061 474 1144 prius
502 1059 657 1124 sacrificio
689 1059 920 1141 purificationis
954 1063 985 1126 et
1019 1061 1171 1144 mysterio
1208 1061 1309 1146 bapti-

160 1167 272 1233 smatis
297 1166 486 1232 delictorum
511 1170 693 1232 nostrorum
725 1166 964 1249 inquinamenta
991 1168 1148 1245 lammae,
1177 1167 1310 1232 erimina

161 1292 288 1357 quoque
318 1275 426 1338 nostra
452 1273 546 1338 bonis
575 1274 723 1358 operibus
750 1273 888 1356 fideique
915 1273 1017 1356 pretio
1046 1275 1078 1338 ot
1105 1273 1307 1340 miseratione

159 1381 363 1446 redimamus.

85 1483 114 1545 ll
202 1488 347 1553 Pretium
379 1492 523 1554 nostrum
556 1488 687 1572 sanguis
720 1491 770 1552 est
804 1487 931 1552 Christi.
965 1487 1047 1552 uude
1081 1491 1113 1552 et
1141 1491 1306 1572 apostolus

119 1625 142 1662 ro
158 1595 275 1660 Petrus
295 1593 354 1660 ait:
377 1613 452 1660 non
473 1614 568 1659 auro
591 1594 657 1659 uel
681 1595 849 1677 argento
873 1592 1073 1676 redempti
1098 1593 1213 1672 ostis,
1238 1594 1305 1660 sed

158 1702 345 1785 pretioso
365 1701 576 1786 sanguine.
597 1704 628 1766 st
641 1701 763 1766 Paulus
776 1699 868 1764 dicit:
888 1701 1021 1782 pretio
1042 1701 1166 1784 empti
1185 1700 1303 1776 estis;

157 1811 289 1875 nolite
317 1809 435 1874 effici
463 1809 575 1873 serui
598 1807 812 1873 hominum.
837 1808 919 1872 unde
943 1826 1004 1872 non
1028 1807 1129 1872 otiose
1153 1809 1306 1873 mirantur
1333 1823 1353 1876 F

156 1917 188 1981 in
212 1917 379 2001 euangelio
404 1915 490 1999 quod
512 1916 638 1998 pullum
662 1914 767 1978 asinae
792 1914 908 1978 sederit
932 1913 1078 1980 dominus
1102 1915 1204 1990 Iesus,
1230 1913 1304 1996 qnia

156 2025 294 2108 populus
332 2023 462 2108 gentilis
501 2022 607 2105 coepit
638 2041 708 2086 esso
742 2021 861 2087 Christi
893 2021 1009 2099 hostia,
1043 2021 1097 2104 qui
1130 2021 1303 2086 secundum

116 2151 139 2190 e
155 2131 260 2214 legem
288 2129 466 2196 habebatur
491 2129 673 2194 inmundus.
705 2129 789 2193 unde
814 2133 846 2192 ot
869 2128 906 2192 de
929 2127 1053 2193 Leuitis
1077 2127 1230 2212 scriptum
1255 2131 1304 2192 est

156 2236 242 2318 qnod
275 2237 340 2301 sint
370 2235 603 2319 redemptiones
633 2255 753 2317 eorum,
782 2254 819 2300 eo
849 2233 932 2318 quod
960 2237 992 2299 et
1020 2235 1189 2299 sanctitate
1217 2235 1302 2300 uitae

156 2362 232 2408 snae
256 2346 289 2407 et
312 2344 453 2408 oratione
476 2345 607 2426 peccata
627 2343 730 2426 plebis
749 2343 901 2406 leuarent.
922 2341 953 2404 iu
974 2340 1090 2422 quibus
1109 2341 1211 2424 figura
1230 2342 1302 2424 agni

154 2451 329 2532 praecessit
361 2450 520 2532 mysteriis
553 2469 665 2516 uerum
696 2450 842 2514 Leuitem
875 2450 1056 2526 uenturum,
1095 2447 1148 2530 qui
1186 2447 1302 2530 proprii

154 2557 294 2638 corporis
312 2557 460 2639 passione
479 2557 608 2622 tolleret
625 2561 792 2639 peccatum
811 2554 932 2620 mundi.
958 2554 1085 2619 Leuites
1106 2553 1303 2638 significatur

112 2687 137 2726 ro
152 2667 333 2746 ‘susceptus
356 2682 413 2746 pro
438 2671 499 2728 me'
517 2665 572 2728 uel
589 2665 668 2746 ‘ipse
686 2663 766 2727 mihi
784 2662 887 2727 leuis'.
908 2662 976 2744 ipse
995 2661 1152 2744 periectas
1172 2659 1301 2724 uirtutis

152 2770 247 2836 habet
280 2769 495 2853 inpertiendos
526 2770 645 2853 populo
678 2769 825 2834 sanitatis
853 2768 1015 2832 indicium.
1044 2767 1113 2848 ipse
1143 2785 1217 2850 ergo
1246 2767 1300 2848 qui

150 2895 206 2959 pro
222 2877 326 2941 salute
346 2876 568 2941 uniuersorum
587 2880 772 2959 expectatus
793 2875 924 2941 aduenit
941 2894 996 2958 pro
1015 2892 1066 2937 me
1086 2878 1174 2938 utero
1194 2873 1300 2939 editus
1404 2917 1406 2922 -

103 3056 109 3064 p
150 2983 311 3066 uirginali‚
341 3003 398 3066 pro
426 3003 476 3048 me
504 2983 641 3061 oblatus,
669 3002 726 3065 pro
755 3002 807 3047 me
830 2981 977 3068 gustarit
999 2989 1144 3058 mortem,
1167 2999 1223 3062 pro
1249 2994 1397 3047 merila

150 3092 330 3156 resurrexit.
360 3091 392 3156 in
422 3110 484 3173 qno
508 3091 650 3156 omnium
674 3091 838 3156 homiuum
863 3091 1013 3172 suscepta
1035 3087 1222 3170 redemptio,
1247 3086 1298 3150 ad-

107 3221 134 3259 as
151 3201 279 3279 sumpta
302 3202 353 3264 est
374 3199 574 3263 resurrectio.
597 3198 667 3280 ipse
691 3201 741 3262 est
763 3216 860 3262 uerus
878 3197 1019 3275 Lucitas,
1037 3199 1075 3261 ut
1093 3214 1150 3261 nos
1168 3193 1299 3258 Leuitas

149 3305 268 3370 faceret
295 3304 462 3370 adhaerere
491 3306 560 3382 deo,
588 3304 651 3386 ipsi
679 3304 843 3369 continuas
867 3323 977 3385 preces
1001 3303 1142 3380 fundere,
1167 3300 1205 3365 de
1229 3301 1298 3384 ipso

149 3413 287 3476 salutem
319 3430 457 3493 sperare,
490 3411 599 3494 fugere
627 3415 754 3493 terrena
786 3410 924 3495 negotia,
957 3411 989 3473 in
1018 3409 1068 3474 dei
1095 3407 1297 3491 possessione

240 3609 395 3708 ldIPetr.
417 3655 441 3718 1,
463 3653 495 3707 18
558 3651 702 3707 llICor.
723 3653 747 3715 7,
766 3653 801 3706 23
865 3653 898 3707 13
917 3651 1000 3706 Marc.
1021 3651 1098 3713 11‚7
1160 3650 1193 3702 15
1212 3648 1295 3703 Erod.
1394 3732 1397 3738 ¹

150 3745 191 3808 13,
213 3744 247 3798 13
309 3743 342 3796 16
361 3743 439 3797 Philo
459 3742 492 3795 de
512 3760 578 3799 sacr.
599 3742 633 3796 36
654 3743 727 3809 (186,
747 3741 909 3810 amicas,
929 3741 960 3794 21
987 3740 1026 3808 O.)
1084 3739 1117 3792 19
1137 3737 1195 3792 Ioh.
1218 3740 1241 3797 1,
1260 3739 1295 3792 29

183 3903 199 3956 3
217 3902 334 3972 pecunia
352 3902 389 3955 M
459 3904 490 3955 nt
508 3901 636 3955 AA‘BP‘
657 3905 705 3954 ant
723 3901 750 3954 Ρ
767 3903 794 3968 (a
812 3901 894 3968 eras.)
914 3905 960 3955 cet.
1032 3899 1064 3952 12
1085 3897 1212 3950 miramur
1230 3897 1294 3949 AA‘

181 3994 210 4045 in
228 3979 276 4045 'sm
295 3991 422 4045 miramur
440 3991 584 4060 euangelio
602 3991 630 4044 B
687 3992 720 4043 14
737 3991 829 4044 hostia
847 3991 891 4060 xpi
910 3989 937 4042 B
997 3989 1029 4043 16
1049 3987 1242 4056 redemptionis
1261 3987 1297 4040 M

183 4085 212 4145 et
229 4097 251 4134 a.
269 4097 298 4133 u.
318 4079 361 4144 Ρ,
379 4097 430 4134 om.
449 4079 485 4132 A¹
553 4085 620 4147 post
638 4080 784 4132 sanctitate
805 4079 870 4131 cdd.
892 4081 919 4130 et
937 4076 973 4129 M
1028 4076 1059 4128 17
1079 4075 1203 4128 lanarent
1221 4073 1249 4126 P
1268 4079 1294 4138 (a

142 4187 187 4240 pr.
206 4171 239 4224 in
255 4185 313 4223 ras.
334 4172 390 4235 ar2)
410 4169 549 4222 AA‘M‘V
624 4165 657 4222 18
674 4169 804 4221 misteriis
823 4167 889 4220 MV
905 4165 1019 4219 misterii
1037 4164 1064 4218 B
1136 4162 1248 4215 lenitam
1269 4161 1295 4214 P

146 4268 173 4321 <a
196 4262 246 4312 rn2
269 4260 301 4312 in
324 4261 393 4324 raa.)
418 4259 446 4312 A
567 4274 615 4327 pro
641 4257 744 4327 proprii
769 4257 803 4308 M
892 4257 926 4310 19
952 4255 1035 4308 lenite
1059 4253 1097 4306 M
1119 4252 1205 4305 lenita
1230 4251 1293 4304 AA‘

145 4349 180 4402 20
198 4349 257 4418 ipse
279 4348 383 4406 (enim)
394 4347 531 4416 perfectae
551 4365 569 4398 α
623 4347 657 4399 22
676 4362 719 4398 rue
739 4349 812 4405 (est)
834 4363 851 4396 a
904 4343 939 4398 25
959 4347 987 4396 et
1005 4348 1031 4408 (v
1050 4358 1071 4397 a.
1092 4345 1116 4408 e)
1135 4341 1170 4394 M

1205 4445 1254 4500 25*
