3142 4967
17 19 399 305 ...sl

268 446 332 509 294
739 442 938 497 Ambrosii

265 637 467 719 pauperibus,
498 636 644 700 excludat
673 636 799 717 inopem
830 637 973 703 subsidio
1003 638 1204 707 destitutum.
1236 640 1338 704 aliena
1367 658 1415 705 er·

265 746 421 824 torqueat,
446 743 520 824 quia
542 742 705 824 praeualet
727 746 897 825 potestate.
922 745 1127 826 pulchritudo
1151 746 1221 827 ipsa
1245 749 1278 811 et
1296 748 1416 830 gratior

267 850 406 933 corporis
434 850 536 913 forma
561 850 742 931 frequenter
765 850 797 912 in
823 850 939 915 uitium
969 870 1063 933 quam
1092 852 1275 918 deformitas
1304 854 1414 920 trahit.
1475 868 1495 920 D

266 956 419 1038 numquid
442 955 542 1039 igitur
565 955 735 1037 quisquam
758 955 963 1021 deformiores
988 978 1082 1039 qnam
1111 958 1308 1042 pulchriores
1332 960 1415 1024 lilios

266 1062 381 1126 hahere
419 1061 578 1126 desiderat
609 1065 642 1125 et
672 1063 783 1143 inopes
816 1064 924 1145 potius
956 1064 1074 1129 liberos
1112 1084 1189 1129 suos
1222 1067 1312 1148 eupit
1344 1086 1415 1131 esse
1445 1092 1456 1129 e

266 1188 361 1256 qnam
385 1168 524 1232 diuites?
551 1171 644 1253 plura
668 1172 744 1233 sunt
773 1170 959 1235 huiusmodi
987 1190 1067 1253 quae
1095 1191 1157 1237 non
1181 1172 1220 1237 ad
1246 1173 1415 1255 inpruden-

264 1277 343 1340 tiam
370 1276 535 1360 largientis
563 1275 726 1340 reserenda
753 1281 838 1353 sunt,
868 1277 924 1342 sed
948 1277 988 1341 ad
1010 1279 1093 1342 male
1116 1279 1237 1343 utentis
1265 1298 1413 1347 errorem.

265 1387 298 1447 et
320 1383 391 1448 ideo
414 1386 559 1448 utentem
583 1382 798 1447 accusandum
821 1384 929 1467 potius
954 1402 1048 1466 quam
1072 1384 1251 1450 donantem.

176 1496 209 1578 8,
221 1494 263 1559 38
308 1490 429 1554 Iterum
453 1491 612 1571 quaestio:
641 1490 764 1554 solebat
785 1491 1077 1573 praeuaricaturum
1101 1491 1179 1556 deus
1202 1492 1304 1557 Adam
1328 1512 1413 1558 man·
1473 1505 1490 1557 E

265 1597 340 1659 data
372 1615 430 1659 sua
462 1616 499 1661 an
533 1596 716 1675 nesciebat?
750 1596 777 1661 si
811 1597 982 1674 nesciebat,
1015 1616 1076 1661 non
1110 1601 1160 1662 est
1192 1598 1255 1661 ista
1287 1599 1414 1665 diuinae
1434 1628 1457 1663 n

263 1702 434 1784 potestatis
469 1700 617 1779 adsertio,
652 1702 679 1767 si
712 1706 819 1766 autmn
853 1702 975 1767 sciebat
1007 1706 1039 1767 et
1069 1704 1277 1769 nihilominus
1310 1706 1414 1771 aciens

264 1808 461 1893 neglegenda
488 1808 662 1882 mandauit,
691 1828 752 1873 non
777 1811 828 1873 est
851 1808 901 1873 dei
925 1809 1045 1891 aliquid
1074 1808 1269 1892 superfluum
1295 1814 1414 1895 praeci-

264 1934 347 1997 pere.
379 1916 538 1997 superfluo
570 1922 676 1979 antem
706 1915 867 1998 praecepit
897 1916 1108 1999 primoplasto
1131 1916 1180 1981 illi
1209 1916 1297 1982 Adae
1329 1920 1412 2002 quod
1471 1932 1490 1986 u

265 2040 337 2084 eum
361 2025 493 2085 nouerat
516 2021 646 2086 minime
674 2025 886 2086 seruaturum.
915 2021 995 2085 nihil
1020 2024 1126 2087 autem
1150 2023 1229 2088 deus
1253 2025 1412 2107 superduc

264 2126 355 2201 factu
387 2146 461 2211 ergo
484 2118 546 2193 uon
575 2132 625 2192 est
648 2128 806 2209 scriptura
829 2146 865 2192 er
893 2127 962 2193 deo.
994 2128 1054 2195 hoo
1079 2130 1162 2193 enim
1194 2130 1337 2195 obiciunt
1360 2134 1455 2214 quin

265 2235 359 2297 uetus
383 2251 443 2297 non
467 2234 625 2317 recipiunt
648 2237 878 2299 testamentum
903 2236 935 2298 ct
958 2235 1014 2300 has
1039 2235 1232 2301 interserunt
1254 2239 1413 2319 quaestio-

264 2359 330 2406 nes.
362 2359 472 2404 uerum
497 2341 530 2403 hi
554 2360 613 2406 sua
636 2341 793 2405 sententia
817 2344 848 2405 et
872 2340 1018 2424 opinione
1048 2340 1195 2407 uincendi
1226 2348 1311 2409 sunt.
1342 2364 1411 2410 oum

262 2446 346 2511 enim
375 2448 452 2511 noui
481 2448 667 2512 testamenti
697 2467 758 2512 non
789 2449 931 2513 refutant
958 2448 1063 2525 fidem,
1095 2451 1238 2532 exemplo
1268 2455 1345 2515 sunt
1368 2472 1413 2517 ar·

264 2554 392 2637 ghendt,
417 2558 454 2618 ut
476 2557 572 2618 uetus
597 2554 735 2631 credant,
760 2555 909 2637 quoniam
934 2572 1005 2619 oum
1031 2556 1092 2621 sibi
1116 2557 1224 2621 diuina
1246 2562 1414 2642 praecepta

262 2662 297 2724 et
325 2660 410 2724 facta
443 2664 646 2738 conueniunt,
679 2661 774 2725 unius
808 2662 946 2726 auctoris
979 2664 1208 2727 testamentum
1240 2667 1453 2747 utrumquem

262 2766 364 2849 liquet
393 2786 464 2831 esse
497 2766 699 2831 credendum.
733 2768 859 2832 discant
890 2768 989 2852 igitur
1018 2788 1078 2832 non
1110 2770 1318 2851 superfluum,
1353 2790 1412 2836 non

261 2872 419 2938 iniustum
449 2874 545 2937 etiam
574 2874 831 2956 praeuaricaturo
862 2876 1092 2959 praescriptum
1121 2892 1191 2941 esse
1214 2877 1412 2943 mandatum.

264 2984 394 3043 namet
420 2980 489 3060 ipse
517 2980 664 3044 dominus
691 2981 783 3045 Iesus
815 2981 913 3064 elegit
940 2981 1063 3058 Iudam,
1094 3001 1188 3063 quem
1217 2984 1411 3064 proditorem

263 3084 394 3149 sciebat.
426 3106 518 3168 quem
551 3088 579 3150 si
607 3105 664 3169 per
692 3086 928 3168 inprudentiam
960 3088 1097 3151 electum
1128 3092 1252 3170 putant,
1285 3090 1411 3157 diuinae
1453 3102 1531 3156 loll

262 3190 416 3275 derogant
437 3193 599 3274 potestati.
624 3193 680 3257 sed
702 3193 763 3257 hoc
788 3194 954 3257 aestimare
974 3212 1034 3258 non
1054 3199 1198 3275 possunt,
1222 3214 1295 3260 cum
1315 3198 1412 3280 scn'p-
1429 3224 1452 3262 25

262 3301 336 3361 tura
370 3297 455 3362 dicat
488 3302 561 3380 quia
594 3300 756 3363 sciebat
789 3300 906 3363 lesus
941 3300 1008 3381 qui
1044 3318 1128 3365 eum
1166 3300 1410 3383 proditurus

263 3407 382 3469 esset.
402 3404 618 3470 conticescant
636 3406 736 3489 igitur
754 3409 982 3489 repugnatores
1002 3406 1056 3471 isti
1076 3408 1195 3473 ueteris
1215 3411 1409 3479 testamenti.

350 3614 367 3666 o
387 3630 418 3667 ex
436 3612 541 3681 Apelle,
561 3611 593 3666 ci.
613 3612 739 3667 Hernaclr
757 3613 775 3667 l.
797 3630 818 3667 c.
875 3614 908 3667 26
928 3613 985 3667 loh.
1005 3615 1030 3677 6,
1051 3616 1086 3668 64

298 3738 310 3789 l
333 3735 496 3789 destitutum
515 3735 541 3787 A
562 3739 604 3800 (tu
618 3752 663 3803 pr.
682 3752 704 3788 a.
723 3753 749 3788 u.
770 3740 828 3803 m2)
911 3738 927 3790 3
947 3736 1129 3791 deformitatis
1150 3742 1211 3803 (om.
1233 3741 1324 3808 quaml
1343 3739 1408 3795 RV'

261 3823 901 3895 oinpudentiamAPc'qurunentiamRu*
948 3826 1262 3896 SpotiuslmagisRV'
1313 3830 1408 3882 llan-

260 3914 328 3983 tem]
350 3912 500 3967 enile'⁴
557 3914 590 3966 12
610 3912 814 3982 superfluarnA
869 3916 902 3968 13
922 3915 1055 3983 superfluo
1075 3914 1407 3987 V(tmt’a.o)super-

261 4002 343 4055 fluurn
361 4000 512 4056 RSBP¹V¹
612 4001 833 4070 primoplasmato
854 4002 890 4055 M
907 4003 995 4072 plasto
1015 4002 1039 4057 S
1057 4004 1098 4068 (in
1116 4020 1166 4073 any.
1187 4004 1286 4073 primo:
1307 4007 1406 4075 psaltol

263 4092 296 4142 14
315 4088 541 4143 deusluwaS
612 4092 746 4159 superfluo
766 4092 831 4145 deus
851 4090 903 4145 VB
974 4092 1189 4162 superfluumM
1243 4094 1275 4147 15
1295 4097 1408 4165 exlat'

264 4179 296 4230 lo
316 4180 453 4248 accipiunt
471 4178 535 4233 RV*
610 4180 643 4232 19
663 4180 715 4232 sibi
734 4198 783 4236 orn.
806 4180 869 4235 RV*
947 4180 980 4235 20
1000 4184 1194 4235 testamentum
1213 4184 1403 4238 testamentum

261 4266 318 4318 AV
333 4274 357 4319 et
373 4274 428 4334 (pr.
443 4272 514 4336 erp.)
530 4268 557 4321 P
610 4271 642 4322 21
660 4269 747 4322 discat
761 4266 784 4320 ll
841 4270 874 4323 22
889 4270 1098 4340 praeuaricatori
1108 4270 1135 4325 R
1150 4273 1360 4341 praeuaricatnri
1375 4272 1403 4326 Γ·

262 4356 296 4408 26
317 4355 362 4421 quui
383 4353 443 4407 hur
461 4357 520 4423 quis
539 4362 587 4410 cet.
647 4358 680 4410 27
702 4362 760 4411 erat
778 4358 808 4411 n'
879 4358 958 4411 istius
977 4358 1043 4412 Iti*
1062 4364 1086 4412 ct
1105 4360 1147 4430 (us
1166 4374 1187 4413 a.
1206 4364 1245 4424 a.)
1265 4360 1303 4413 M
