3142 4967
409 437 557 492 Exameruu
576 437 600 490 V
618 438 662 502 23,
681 437 789 492 78-80
825 437 920 504 (1109
938 437 1053 492 Ε-110
1072 435 1114 504 C).
1269 441 1333 504 197

96 629 139 692 79
230 633 370 698 Phoenix
403 651 529 716 quoque
561 633 630 699 auis
662 633 694 698 in
726 632 807 698 locis
839 631 973 698 Arabiae
1003 632 1188 714 perhibetur
1219 632 1332 717 degere

186 743 282 824 atque
301 759 371 804 eam
389 759 492 823 usque
511 739 550 804 ad
570 759 667 806 anuos
687 740 879 825 quingentos
897 741 1088 824 longaeuem
1107 743 1245 804 aetatem
1262 758 1332 822 pro-

186 845 311 912 ducere.
342 865 423 930 quae
451 865 524 912 cum
557 846 619 911 sibi
650 846 745 912 finem
777 847 865 912 uitae
897 847 1008 912 adesse
1041 846 1223 925 aduerterit‚
1256 846 1333 910 lecit

185 953 247 1017 sibi
274 953 401 1018 thecam
430 954 468 1018 de
496 957 567 1018 ture
596 957 628 1018 et
654 971 761 1018 murra
789 957 822 1018 et
850 953 963 1018 cetenis
991 953 1152 1031 odoribus,
1179 952 1212 1016 in
1236 972 1331 1035 quem

150 1059 317 1143 simpleto
341 1059 427 1125 uitae
451 1079 526 1125 suae
550 1063 692 1144 tempore
715 1060 813 1124 intrat
835 1065 868 1125 et
889 1059 1034 1127 moritur.
1054 1059 1092 1124 de
1111 1060 1204 1125 cuius
1221 1077 1331 1125 umore

185 1167 287 1230 camis
324 1167 442 1232 uermis
480 1167 622 1252 exsurgit
657 1167 876 1250 paulatimque
913 1167 1068 1232 adolescit
1104 1185 1141 1231 ac
1177 1185 1330 1248 processu

184 1271 297 1337 statuti
329 1273 482 1355 temporis
513 1273 619 1339 induit
650 1274 772 1338 alarum
801 1273 938 1358 remigia
969 1275 1064 1356 atque
1095 1273 1127 1337 in
1156 1272 1328 1357 superioris

183 1377 254 1443 auis
300 1379 439 1461 speciem
484 1380 681 1463 ionnamque
726 1383 901 1464 reperetur.
952 1379 1064 1444 doceat
1108 1379 1208 1464 igitur
1251 1380 1375 1446 heecB

183 1485 253 1550 auis
288 1486 341 1551 uel
383 1488 524 1569 exemplu
568 1489 618 1552 sui
658 1487 923 1552 resurrectionem
964 1487 1098 1564 credere,
1141 1505 1221 1570 quae
1262 1487 1330 1551 sine

135 1619 163 1656 ιο
184 1593 327 1676 exemplo
358 1595 390 1658 el
417 1593 485 1660 sine
508 1595 640 1661 rationis
663 1597 866 1679 perceptione
887 1595 960 1677 ipsa
981 1594 1044 1660 sibi
1067 1594 1204 1678 insignia
1226 1613 1330 1659 resur-

182 1699 332 1764 rectionis
363 1701 530 1766 iustaurat
562 1705 594 1766 et
625 1701 737 1784 utique
769 1721 846 1766 aues
882 1704 1011 1785 propter
1046 1700 1206 1766 homiuem
1243 1705 1328 1771 sunt.

181 1825 242 1872 non
281 1806 376 1870 homo
414 1809 541 1890 propter
577 1827 679 1872 auem.
717 1808 761 1872 sit
796 1806 896 1892 igitur
936 1806 1079 1890 exemplo
1120 1805 1212 1871 nobis
1253 1807 1329 1889 quia

181 1916 293 1977 auctor
325 1916 358 1978 et
390 1917 512 1980 creator
543 1914 650 1980 auium
685 1918 811 1980 sanctos
844 1933 920 1981 sues
952 1914 984 1978 in
1012 1918 1200 1997 perpetuum
1227 1915 1327 1997 perire

181 2039 243 2085 non
265 2020 395 2104 patitur,
420 2021 474 2104 qui
499 2041 591 2086 auem
613 2023 739 2088 unicam
762 2023 864 2106 perire
886 2041 948 2087 non
971 2040 1086 2105 passus
1108 2024 1327 2106 resurgentem

134 2153 161 2192 re
181 2145 252 2190 eam
281 2127 332 2190 sui
360 2129 479 2193 semine
507 2130 614 2194 uoluit
640 2129 818 2214 propagari.
847 2131 920 2213 quis
941 2129 1043 2214 igitur
1064 2129 1138 2194 huic
1162 2129 1328 2193 adnuntiat

179 2233 266 2297 diem
302 2235 426 2312 mortis,
463 2238 500 2300 ut
536 2236 634 2301 faciet
665 2237 727 2302 sibi
759 2238 885 2302 thecam
919 2240 952 2301 et
981 2237 1103 2320 inpleat
1134 2253 1205 2300 eam
1235 2234 1371 2300 bonisc

180 2339 332 2406 odoribus
368 2343 462 2424 atque
497 2341 695 2427 ingrediatur
729 2344 761 2408 in
799 2363 869 2408 eam
905 2347 938 2409 et
972 2343 1129 2409 moriatur
1161 2341 1238 2419 illie,
1272 2341 1327 2406 ubi

88 2441 131 2506 80
180 2445 332 2511 odoribus
369 2448 468 2532 gratis
504 2448 605 2516 faetor
639 2450 760 2518 funeris
796 2450 900 2534 possit
936 2450 1080 2516 aboleri?
1115 2448 1165 2513 iac
1207 2452 1239 2512 et
1278 2452 1325 2524 tn,

178 2553 287 2630 homo,
328 2554 387 2618 tibi
427 2554 572 2622 thecam:
610 2557 771 2640 expolians
807 2562 840 2623 te
875 2561 1017 2623 ueterem
1053 2555 1215 2622 hominem
1252 2573 1325 2620 cum

131 2683 159 2724 re
179 2660 305 2725 actibus
338 2661 407 2726 suis
438 2679 558 2727 nonum
590 2663 696 2732 indue.
728 2663 822 2730 thece
852 2667 919 2740 tua,
952 2664 1069 2746 uagina
1095 2665 1151 2726 tua
1178 2659 1325 2726 Christus

179 2769 240 2844 est,
273 2768 328 2850 qui
359 2770 392 2833 te
423 2773 570 2854 protegat
602 2774 634 2836 et
666 2770 841 2836 abscondat
872 2771 905 2834 in
938 2769 989 2834 die
1024 2769 1118 2834 malo.
1155 2767 1206 2832 uis
1243 2766 1354 2832 scire*

269 3010 286 3063 5
305 3007 340 3064 os.
359 3007 507 3064 Clementis
526 3011 605 3082 epist.
624 3011 704 3081 prior.
725 3027 746 3066 c.
766 3013 801 3066 25
857 3013 890 3067 13
909 3011 1009 3066 Peolm.
1028 3010 1078 3065 XV
1097 3012 1131 3066 10
1149 3009 1210 3064 Act.
1231 3011 1274 3076 13,
1288 3011 1323 3065 35

180 3098 214 3152 18
233 3097 337 3152 Celeus.
356 3100 414 3162 3‚9
1164 3141 1168 3148 .

217 3275 228 3326 l
249 3272 339 3327 faenix
360 3273 410 3328 ΟΡ
424 3274 498 3329 fenix
520 3275 633 3330 Glenie
657 3275 681 3328 V
744 3277 760 3330 2
780 3293 839 3331 eam
858 3276 912 3330 ΠΒ
930 3293 963 3330 ea
981 3282 1037 3340 cet,
1050 3276 1122 3346 fort.
1141 3282 1211 3331 recte
1264 3275 1323 3329 lou·

178 3377 294 3431 gaeuam
314 3366 432 3418 aetatem
449 3363 475 3418 (J
493 3363 627 3434 longaeua
646 3369 737 3419 aelate
756 3370 805 3418 cet.
876 3363 1024 3436 producere
1041 3364 1120 3418 CGP
1135 3364 1280 3435 procedere
1300 3363 1326 3416 V

178 3455 221 3517 (ce
240 3466 261 3505 r.
280 3469 307 3508 a.
326 3455 384 3519 m2)
403 3451 437 3506 N
478 3454 495 3508 4
513 3452 621 3508 thecam
640 3453 726 3508 MSB
743 3456 832 3508 tecam
851 3459 899 3509 cet.
953 3469 1042 3508 murra
1060 3453 1150 3511 mom
1168 3455 1322 3510 murramll

178 3548 218 3598 lm
238 3543 319 3610 erar.)
338 3541 381 3596 Μ’
400 3558 488 3612 myrra
509 3541 587 3596 061³
604 3542 685 3595 mirra
708 3541 760 3595 VB
849 3542 996 3597 bhumore
1016 3543 1081 3596 libri
1153 3542 1170 3596 8
1189 3557 1238 3594 nos
1258 3547 1323 3595 ante

176 3628 245 3681 lraec
265 3629 330 3683 add.
355 3628 412 3684 VN
509 3631 525 3685 9
545 3647 614 3700 quae
634 3633 661 3684 et
680 3632 738 3686 sine
755 3630 790 3684 N
886 3633 919 3685 11
939 3634 968 3685 et
986 3647 1037 3685 om.
1056 3631 1098 3691 M,
1116 3631 1148 3683 in
1166 3647 1217 3699 nep.
1235 3634 1284 3684 m2
1301 3631 1324 3685 S

179 3717 213 3772 12
239 3734 318 3772 auem
343 3717 407 3773 llN
432 3735 497 3774 aues
522 3719 607 3774 Man
723 3715 875 3790 exemplum
903 3719 967 3774 GN‘
994 3719 1115 3788 exemplo
1140 3719 1169 3772 B
1195 3717 1221 3785 (i
1245 3735 1268 3773 e.
1293 3723 1320 3785 o)

179 3808 212 3861 13
230 3792 279 3862 'sc-s
295 3806 319 3860 0
335 3809 362 3876 (o
380 3824 403 3865 a.
422 3825 450 3862 cs
468 3813 525 3878 1113)
627 3811 660 3863 14
679 3813 839 3879 resurgente
855 3807 971 3864 omes
986 3807 1140 3877 resurgenti
1153 3808 1181 3861 P
1197 3811 1250 3874 (·te
1263 3811 1321 3875 m2)

177 3901 225 3954 cet.
334 3898 368 3951 15
387 3897 506 3967 reparari
524 3899 564 3953 N'
587 3915 712 3968 reparare
732 3899 759 3952 B
863 3899 896 3953 lo
915 3897 1024 3952 thecam
1041 3895 1101 3952 MS
1121 3897 1234 3966 thegam
1252 3895 1281 3966 (h
1298 3912 1320 3951 a.

175 4001 213 4046 aa,
234 4000 288 4038 cs.
307 3985 336 4054 gl
360 3984 386 4037 V
400 3985 508 4040 techam
527 3985 555 4040 P
571 3989 658 4041 tecam
678 3992 725 4041 cet.
835 3987 870 4041 18
892 3985 1021 4040 edenbus
1042 3985 1066 4040 0
1087 3990 1114 4055 (o
1132 4003 1178 4054 pr.
1201 3986 1233 4040 in
1250 3989 1319 4049 rue.)

213 4077 305 4142 grates
323 4071 347 4125 Π
366 4074 414 4143 (·is
432 4078 479 4128 m2
496 4074 560 4140 ΡΥ,
579 4075 670 4145 grauis
687 4079 735 4130 m2
755 4075 793 4142 G)
881 4075 970 4130 faetor
987 4074 1093 4131 VIM'M
1108 4075 1194 4129 fertur
1210 4078 1253 4128 orl
1269 4074 1321 4128 VB

176 4161 249 4216 fetor
271 4161 323 4216 VB
341 4166 388 4216 m2
406 4169 453 4217 ccl.
542 4165 574 4217 19
594 4163 699 4218 thecam
724 4163 751 4217 V
765 4164 795 4237 (h
812 4180 835 4218 a.
852 4169 894 4230 u.)
912 4167 1001 4218 tecam
1022 4163 1145 4220 GVMB
1163 4163 1269 4217 techanr
1287 4164 1320 4219 u‘

212 4255 240 4304 et
259 4249 397 4320 expolians
418 4253 441 4306 G
459 4255 499 4318 (et
515 4268 538 4308 e.
557 4257 597 4320 u.)
618 4253 769 4324 exspolians
787 4253 826 4306 M
902 4256 931 4306 te
949 4269 1001 4308 om.
1020 4251 1119 4306 NMS
1187 4252 1222 4307 20
1241 4251 1322 4306 theca

173 4339 235 4394 MS
251 4345 276 4394 ct
296 4338 338 4407 (th
357 4354 390 4393 erc
409 4339 436 4408 d)
454 4339 489 4399 VV
506 4340 588 4395 techa
603 4341 633 4395 P
649 4345 710 4397 teca
728 4347 776 4396 eet.
831 4342 933 4411 uagina
953 4340 976 4394 C
993 4344 1023 4409 (u
1039 4341 1073 4394 in
1090 4343 1158 4409 rac.)
