3142 4967
456 472 604 527 Eremeron
624 477 636 529 l
656 476 681 536 4,
702 474 743 528 12.
765 476 799 529 13
837 474 862 539 (Ι
880 476 897 529 b
915 474 995 527 n-7
1014 475 1058 541 D).
1290 478 1328 540 ll

99 670 143 733 13
187 670 329 751 peccato.
350 668 433 749 quod
453 688 552 751 aeque
572 668 667 733 etiam
688 670 726 734 de
744 669 800 733 illo
820 688 992 751 possumus
1012 670 1167 754 accipere:
1192 670 1331 735 mensis

187 774 246 839 hic
270 771 425 839 initium
448 792 642 840 mensuum
667 776 739 841 erit
761 776 882 854 uobis,
908 776 1054 857 quamuis
1078 779 1110 840 et
1133 775 1171 839 de
1190 780 1331 860 tempore
1351 782 1408 835 th

186 879 274 946 istud
312 880 495 965 accipiatur,
529 881 604 963 quia
635 882 673 947 de
706 882 825 965 paseha
857 882 976 947 domini
1011 882 1211 965 loquebatur,
1249 884 1334 966 qnod

187 987 272 1051 rrerr's
295 984 386 1053 initio
412 987 598 1054 celebratur.
622 988 655 1052 in
673 988 733 1053 hoc
753 1006 827 1072 ergo
846 988 1001 1073 principio
1021 1008 1190 1054 mensuum
1209 992 1334 1055 caelum

152 1097 219 1159 set
241 1098 358 1158 temam
392 1092 478 1172 fecit,
504 1094 588 1178 quod
621 1094 693 1159 inde
726 1096 838 1159 mundi
871 1096 941 1179 capi
975 1096 1140 1178 oportebat
1162 1095 1333 1161 erordium⁶

187 1199 242 1263 ubi
275 1202 342 1265 erat
374 1204 529 1283 oportuna
561 1200 708 1265 omnibus
740 1219 838 1265 uerna
867 1202 1047 1284 temperies.
1071 1201 1155 1267 unde
1178 1206 1333 1266 stannus

185 1304 297 1371 mundi
319 1306 492 1392 imaginem
515 1308 674 1372 nascentis
700 1307 864 1391 expressit,
888 1311 927 1372 ut
948 1312 1023 1390 post
1045 1308 1192 1373 hibernas
1215 1308 1334 1392 glaries

187 1418 282 1496 atque
300 1412 453 1479 hiemales
473 1414 625 1499 caligines
641 1415 781 1479 serenior
799 1416 894 1480 solito
909 1416 999 1480 nerui
1013 1415 1168 1498 temporis
1187 1415 1335 1498 splendor

187 1522 320 1585 eluceat.
345 1519 433 1585 dedit
456 1540 529 1605 ergo
553 1520 685 1585 formam
710 1521 828 1586 futuris
853 1541 1003 1586 annorum
1032 1522 1198 1587 cuniculis
1222 1523 1331 1587 mundi
1351 1526 1374 1580 Β

141 1654 166 1690 ιο
185 1626 308 1709 primus
341 1630 478 1706 exortus,
503 1630 540 1690 ut
563 1645 599 1691 ea
629 1630 700 1711 lege
735 1646 886 1691 annorum
918 1629 1007 1692 uices
1040 1632 1207 1712 surgerent
1237 1632 1333 1711 atque

186 1733 279 1797 initio
303 1732 457 1815 cuiusque
481 1733 554 1797 anni
577 1733 766 1816 produceret
788 1737 872 1798 terra
894 1753 978 1799 noua
1001 1735 1158 1799 seminum
1183 1736 1333 1819 germina,

187 1858 248 1921 quo
268 1839 406 1922 primunr
426 1838 572 1904 dominus
593 1840 670 1904 dens
691 1839 825 1904 dixerat:
851 1841 1037 1923 germinet
1060 1843 1159 1904 terra
1182 1842 1333 1906 herbam

186 1945 287 2011 faeni
320 1944 506 2009 seminans
539 1964 661 2011 semen
696 1945 901 2011 secundum
924 1965 1043 2030 genus
1068 1949 1105 2010 et
1128 1948 1332 2013 secundum

187 2052 482 2116 similitudinem
506 2055 542 2116 et
560 2053 705 2136 liguum
723 2052 968 2117 fructiferum
987 2052 1130 2118 faciens
1154 2055 1331 2123 fructum.

142 2186 166 2224 15
186 2162 219 2224 ot
242 2158 352 2223 statim
379 2156 527 2240 produxit
548 2162 632 2224 terra
654 2158 784 2223 herbam
807 2159 891 2223 faeni
915 2164 948 2223 et
970 2160 1095 2243 lignenm
1121 2161 1331 2240 fructiferum,

184 2265 215 2328 in
241 2284 303 2346 quo
327 2266 419 2330 uobis
443 2269 475 2330 et
498 2265 723 2331 moderationis
749 2269 921 2348 perpetuae
945 2266 1054 2330 diuina
1076 2266 1277 2349 prouidentia
1301 2274 1372 2334 etd

185 2372 331 2436 celeritas
351 2374 451 2435 terrae
468 2372 675 2455 germinantis
691 2371 729 2436 ad
745 2372 999 2437 aestimationem
1014 2392 1129 2437 uernae
1144 2374 1334 2459 suffragatur

185 2477 311 2543 aetatis.
336 2496 408 2542 uam
431 2478 493 2543 etsi
513 2497 713 2561 quocumque
733 2480 876 2561 tempore
896 2482 928 2542 et
947 2478 1004 2543 deo
1023 2478 1132 2544 iubere
1150 2484 1333 2566 promptum

184 2584 247 2649 suit
279 2586 311 2649 ct
342 2588 485 2649 terrenae
517 2584 664 2649 oboedire
698 2585 1005 2663 natu1·oe,utinter
1032 2585 1179 2651 hibernas
1212 2590 1331 2672 glacies

140 2720 166 2759 so
186 2695 218 2755 et
248 2692 402 2756 hiemales
434 2692 562 2775 pruinas
596 2692 742 2756 caelestis
774 2692 900 2776 imperii
932 2693 1002 2756 fotu
1035 2694 1213 2777 germinans
1250 2699 1334 2759 terra

185 2797 287 2863 fetum
309 2797 507 2881 produceret,
527 2818 587 2863 non
612 2800 679 2863 erat
701 2802 808 2863 tamen
828 2798 1046 2881 dispositionis
1065 2802 1208 2864 aeternae
1230 2800 1333 2884 rigido

186 2904 300 2968 stricta
336 2906 411 2987 gelu
448 2904 480 2967 in
518 2904 636 2969 uirides
674 2905 780 2971 subito
820 2905 944 2969 fructus
981 2905 1086 2970 laxare
1123 2926 1200 2970 arna
1237 2911 1333 2990 atque

185 3011 384 3075 horrentibus
421 3011 541 3093 pruinis
579 3010 745 3077 florulenta
781 3012 925 3076 miscere.
964 3030 1038 3096 ergo
1075 3016 1113 3077 ut
1150 3012 1372 3078 ostenderetlr

186 3118 345 3199 scriptura
368 3118 452 3182 eteris
477 3120 621 3199 tempora
643 3118 675 3182 in
700 3118 927 3184 constitutione
956 3118 1076 3194 mundi,
1102 3118 1161 3181 ait:
1193 3120 1332 3183 mensis

139 3224 247 3291 sehic
285 3224 396 3287 uobis
433 3224 588 3288 initium
625 3243 831 3302 mensuum,
869 3224 1013 3306 primus
1051 3228 1110 3289 est
1145 3225 1256 3289 uobis
1297 3226 1333 3289 in

185 3330 380 3395 mensibus
405 3332 500 3409 anni,
524 3330 662 3414 primurn
684 3350 828 3395 mensem
851 3350 986 3396 uernum
1008 3335 1136 3413 tempus
1160 3332 1333 3415 adpellaus.

187 3438 318 3502 decebat
341 3438 425 3502 enim
448 3438 637 3520 principium
663 3437 734 3502 anni
758 3437 949 3520 principium
971 3456 1043 3502 csse
1067 3438 1278 3521 generationis
1303 3443 1334 3501 et

277 3656 290 3708 l
312 3654 393 3708 Erod.
415 3655 457 3717 12,
477 3656 493 3708 2
574 3655 592 3708 4
612 3654 690 3723 Uerg.
712 3654 810 3723 Georg.
830 3654 1006 3723 11336sqq.
1098 3656 1113 3707 7
1132 3654 1213 3723 Uerg.
1234 3655 1332 3723 Georg.

185 3744 285 3799 11336
337 3744 370 3797 12
390 3740 456 3797 Gen.
479 3745 502 3807 1,
524 3744 554 3797 ll
607 3744 639 3797 21
661 3743 740 3811 Uerg.
762 3742 860 3812 Georg.
880 3742 909 3795 ΙΙ
928 3744 981 3797 316
995 3759 1044 3812 sq,
1060 3743 1120 3806 331,
1136 3742 1169 3796 of.
1185 3742 1261 3796 Lucr.
1277 3742 1334 3797 Illi

186 3836 298 3902 deasq.
354 3835 389 3887 24
409 3831 492 3885 Exod.
514 3832 591 3897 122

221 3942 238 3993 2
257 3944 282 3993 et
300 3940 318 3991 4
336 3955 477 3992 mensuum
499 3938 573 3992 (ΨΒ
590 3944 615 3991 ct
633 3938 666 3995 iI'
686 3941 713 4007 (u
728 3953 773 4006 pr.
794 3942 876 4003 eras.)
895 3954 1017 3991 mensum
1032 3935 1075 3989 Μ’
1093 3936 1226 3990 mensium
1248 3936 1336 3991 GltM

188 4028 228 4089 (bi
246 4028 255 4081 i
275 4044 309 4081 ecc
326 4030 355 4095 n)
375 4028 402 4079 B
443 4028 560 4081 4initid
584 4026 610 4080 V
662 4026 824 4098 principium
842 4026 885 4081 Μ’
904 4032 930 4081 et
950 4031 1029 4090 (corr.
1048 4028 1105 4093 m2l
1129 4024 1210 4081 Vurr
1253 4024 1333 4077 ier·

186 4117 303 4185 praescit
324 4116 347 4169 0
365 4120 388 4182 (s
409 4116 459 4171 alt.
481 4116 546 4170 add.
566 4120 623 4182 0222)
724 4116 741 4169 8
760 4115 903 4185 splendore
923 4116 1013 4168 luceat
1034 4114 1057 4165 d
1075 4118 1115 4180 (oe
1135 4130 1168 4167 cc
1186 4114 1210 4166 ci
1228 4116 1285 4175 m2)
1308 4113 1333 4165 G

187 4209 266 4269 (corr.
286 4208 344 4268 rn2)
411 4206 443 4259 12
462 4206 548 4273 primo
571 4204 664 4259 GN¹B
729 4206 761 4259 17
781 4220 865 4274 uerno
883 4218 904 4257 a.
924 4220 951 4255 re.
975 4203 998 4255 (Ι
1061 4203 1094 4256 18
1113 4206 1248 4272 promtum
1270 4202 1292 4253 ('
1310 4208 1334 4254 ct

187 4298 268 4359 (corr.
287 4294 345 4363 2112)
367 4293 392 4347 G
447 4294 481 4347 22
501 4294 592 4363 gelum
614 4294 637 4347 C
702 4295 737 4348 25
756 4294 888 4347 niensium
911 4292 937 4346 G
955 4291 975 4361 (i
995 4308 1028 4345 er
1046 4296 1075 4358 u)
1094 4291 1122 4343 B
1139 4306 1281 4344 mensuum
1298 4290 1335 4342 Μ

188 4383 366 4451 deam)
