3142 4967
282 453 349 517 388
767 451 966 504 Ambrosii

282 646 450 723 numerari,
484 647 569 711 sicut
601 646 755 730 scriptum
790 650 852 712 est:
888 647 1057 727 domine,
1090 647 1259 730 posside
1288 667 1368 712 nos.
1399 667 1436 712 ea

282 760 333 820 cst
364 755 447 818 enim
481 755 551 819 sola
581 755 754 838 possessio,
789 775 869 838 quae
899 755 997 820 nullis
1026 755 1159 820 obnoxia
1187 755 1435 840 tempestatibus

282 866 452 945 perpetuae
481 861 601 946 gratiae
628 862 709 927 ferat
735 862 871 928 fructus.
905 863 1086 947 redemptor
1112 863 1241 927 Leuites
1270 864 1330 940 est,
1362 862 1436 944 quia

282 969 333 1033 uir
360 968 485 1052 sapiens
513 969 689 1052 redemptio
717 969 897 1054 insipientis
927 972 987 1048 cst,
1019 970 1073 1053 qni
1102 973 1265 1052 tamquam
1286 969 1434 1034 medicus
1491 971 1507 1024 B

282 1095 412 1160 aegrum
436 1074 616 1158 insipientis
641 1077 782 1142 animum
805 1077 896 1140 fouet
920 1079 952 1142 et
971 1077 1126 1159 quaedam
1147 1077 1309 1162 adspergit
1328 1077 1436 1142 solidi·
1462 1101 1472 1140 n

283 1181 330 1246 ori
360 1181 460 1246 monti
491 1181 679 1264 prudentiae
710 1183 942 1248 medicamenta
971 1183 1115 1250 imitatus
1143 1183 1235 1248 illurn
1264 1183 1435 1259 medicum,

283 1289 337 1371 qui
363 1289 400 1354 de
425 1289 513 1353 caelo
532 1289 672 1367 nabitu
707 1290 939 1355 demonstraret
958 1290 1140 1356 hominibus
1160 1290 1345 1373 prudentiae
1365 1290 1435 1354 uias

283 1399 316 1460 et
344 1395 519 1478 sapientiae
551 1396 683 1460 semitas
712 1397 855 1479 paruulis
884 1397 1050 1462 reuclaret.
1082 1398 1213 1462 uidebat
1241 1397 1324 1461 enim
1349 1396 1435 1462 labo·

282 1506 387 1568 rantes
420 1522 480 1567 non
513 1522 608 1586 posse
642 1505 709 1568 sine
741 1505 881 1569 remedio
914 1503 1033 1569 saluari
1069 1507 1103 1568 et
1137 1503 1208 1569 ideo
1246 1504 1434 1568 medicinam

283 1610 444 1674 tribuebat
467 1611 582 1694 aegris,
605 1610 677 1676 ideo
702 1611 849 1676 omnibus
874 1631 965 1695 opem
991 1611 1138 1676 sanitatis
1162 1611 1288 1688 detulit,
1311 1613 1349 1674 ut
1370 1611 1435 1692 qui·
1452 1637 1473 1673 n

284 1737 420 1799 cumque
442 1718 572 1802 perierit
594 1718 707 1783 mortis
731 1738 808 1783 suaa
832 1737 944 1783 causas
970 1718 1031 1782 sibi
1055 1717 1225 1796 adscribat,
1255 1718 1309 1800 qui
1335 1717 1435 1782 curari

283 1825 395 1903 noluit,
430 1845 501 1890 cum
535 1826 711 1891 remedium
745 1825 877 1891 baberet
910 1845 972 1908 quo
1000 1827 1112 1909 posset
1140 1826 1284 1903 euadere,
1316 1823 1434 1889 Christi
1492 1825 1507 1876 (Γ

284 1934 391 1995 autem
420 1931 592 1996 manifesta
618 1932 648 1996 in
679 1951 787 1997 omnes
816 1931 1015 2014 praedicetur
1038 1930 1265 2006 misericordia,
1289 1949 1327 1996 eo
1351 1929 1434 2013 quod

283 2036 307 2100 ii
330 2037 385 2119 qui
412 2043 548 2120 pereunt
578 2059 638 2104 stra
665 2041 797 2122 pereant
823 2039 1035 2122 neglegentia,
1061 2038 1115 2121 qui
1139 2041 1245 2103 autem
1272 2038 1435 2102 saluantnr

284 2143 461 2208 secundum
491 2144 610 2210 Christi
639 2145 828 2210 sententiam
856 2144 1040 2222 liberentur,
1070 2145 1124 2226 qui
1153 2163 1262 2209 omnes
1290 2144 1473 2209 hominess
1550 2225 1551 2242 χ

284 2251 356 2315 uult
389 2251 497 2316 saluos
529 2251 598 2315 fieri
631 2254 663 2317 et
690 2253 722 2316 in
752 2252 947 2336 agnitionem
976 2251 1122 2316 ueritatis
1150 2251 1270 2316 uenire.
1300 2251 1433 2334 deniqne

285 2361 318 2420 et
341 2356 479 2422 Sodoma
502 2358 530 2423 si
553 2358 719 2424 habuisset
743 2359 975 2443 quinquaginta
998 2359 1113 2436 iustos,
1137 2378 1198 2423 non
1219 2361 1306 2423 esset
1325 2377 1434 2423 euersa

285 2468 317 2529 et
340 2466 367 2529 si
391 2465 502 2530 decem
524 2465 703 2543 habuisset,
728 2469 815 2530 esset
837 2465 1010 2549 redempta,
1035 2483 1071 2530 co
1097 2465 1181 2548 quod
1204 2484 1308 2531 sermo
1328 2465 1433 2530 remis-

285 2573 382 2638 sionis
407 2575 609 2656 peccatorum
635 2573 770 2637 animam
796 2573 952 2638 seruitute
972 2575 1064 2637 eruat
1083 2575 1115 2637 et
1133 2572 1320 2657 discipliuae
1338 2572 1434 2656 pleni·
1490 2581 1508 2632 b

284 2679 362 2745 tudo
395 2681 555 2762 perfectae
591 2683 731 2745 mentem
767 2699 829 2745 non
867 2680 952 2745 sinat
989 2679 1077 2744 edaci
1113 2679 1283 2745 libidinum
1320 2697 1475 2762 uaporem

285 2787 441 2853 consumi.

244 2891 284 2952 12
330 2895 508 2960 Plurimum
542 2898 647 2959 tamen
680 2895 776 2958 refert
809 2897 842 2958 at
870 2895 1022 2959 moralem
1052 2893 1198 2958 aedificat
1225 2894 1384 2970 affectum,
1410 2892 1434 2956 si

286 3001 381 3065 etiam
400 3020 567 3065 numerum
585 3001 745 3066 iustorum
761 3001 949 3082 simpliciter·
964 3002 1158 3083 accipiamus
1172 3000 1325 3082 prodesse
1340 3018 1435 3082 popu-

285 3106 387 3170 lorum
413 3108 520 3170 saluti.
546 3108 714 3188 conprimit
737 3111 769 3172 et
792 3111 916 3172 resecat
933 3107 1097 3182 inuidiam,
1118 3107 1283 3172 confundit
1300 3106 1435 3188 inprobi-

285 3214 395 3290 tatem,
431 3213 584 3277 uirtutem
621 3214 744 3292 incitat,
782 3219 880 3299 auget
917 3215 1061 3298 gratiam.
1099 3233 1191 3279 nemo
1226 3214 1310 3278 enirn
1344 3212 1473 3276 debete

286 3318 428 3383 inuidere
456 3321 547 3383 alteri
573 3321 712 3400 laudern,
737 3341 817 3404 quae
842 3323 903 3386 sibi
926 3322 1037 3404 prosit,
1063 3325 1157 3403 atque
1181 3320 1332 3404 inprobus
1352 3319 1435 3403 quis·
1548 3349 1549 3417 p

287 3445 348 3507 que
380 3425 612 3509 redemptorem
645 3447 739 3493 suurn
778 3427 853 3493 dum
892 3429 1029 3512 suscipit
1063 3427 1245 3510 frequenter
1280 3427 1433 3500 imitatur,

287 3535 371 3596 certe
404 3536 581 3612 ueneratur,
614 3535 802 3618 plerumque
836 3536 932 3600 etiam
966 3535 1081 3619 diligit.
1114 3535 1184 3618 ipse
1214 3535 1319 3624 etiam,
1348 3533 1376 3598 si
1400 3551 1433 3599 so
1492 3539 1509 3592 1

378 3793 580 3859 lernaeae
635 3796 883 3851 dPhilodesacr.
904 3799 937 3851 37
958 3797 1029 3862 (187,
1049 3795 1293 3860 9;Ῑ251,30.;
1314 3793 1433 3856 187,12;
1547 3797 1548 3844 1

287 3881 479 3948 lustau)
565 3883 700 3938 8Psalm.
719 3883 965 3940 XVIIISMatth.
986 3887 1027 3946 11,
1048 3885 1082 3938 25
1158 3881 1433 3948 1410n.3,16sq.‚
1547 3845 1548 3907 i

287 3969 351 4023 Luc.
373 3971 470 4032 19,1o
549 3972 770 4041 ittonam
851 3975 882 4027 17
908 3973 973 4028 Gen.
1000 3973 1042 4038 18,
1067 3975 1101 4027 24
1125 3989 1184 4043 sqq.
1207 3971 1288 4026 Pbilo
1312 3970 1342 4026 de
1365 3985 1433 4022 sacr.

287 4059 321 4112 37
341 4059 413 4124 (187,
434 4060 629 4127 17;1251,9
652 4061 694 4128 0.)

326 4185 493 4237 lmunerari
511 4185 549 4239 M
587 4185 752 4242 5solidioru
769 4189 828 4252 Ba,
841 4189 911 4256 sort.
931 4187 1067 4241 solidioris
1110 4187 1144 4240 14
1162 4185 1201 4239 bii
1219 4181 1431 4238 maviron.
1546 4189 1547 4212 ¹

291 4270 323 4324 16
342 4276 370 4325 et
389 4273 424 4326 ad
443 4274 471 4325 1²
550 4275 582 4329 18
601 4274 742 4346 redempta
761 4281 834 4330 esset
852 4277 879 4329 P
964 4278 997 4330 19
1016 4276 1149 4330 seruitute
1168 4269 1363 4328 Boscruituti
1383 4275 1431 4322 cet

289 4362 322 4414 21
343 4363 463 4415 consumi
480 4363 559 4416 MM‘
613 4366 648 4419 24
668 4365 792 4420 confudit
809 4365 871 4419 MP
