3142 4967
288 448 353 512 228
550 495 553 501 .
759 446 958 501 Ambrosii

286 643 391 705 tamen
416 641 494 705 haec
516 644 623 705 tantae
647 641 742 705 molis
766 640 869 705 bestia
892 640 1037 705 subiecta
1060 640 1152 705 nobis
1172 640 1313 722 imperiis
1334 640 1434 707 seruit

287 747 445 813 humanis.

87 887 101 897 ν
194 846 231 930 6,
241 847 284 911 36
330 854 453 917 Etenim
484 854 633 937 quoniam
661 853 700 918 de
726 853 865 919 hominis
894 856 1037 919 creatura
1060 852 1176 918 dicturi
1200 872 1323 929 sumus,
1348 871 1431 918 com-
1475 858 1545 913 rtet

284 959 519 1025 mendationem
550 960 620 1025 eius
652 963 850 1043 praestruere
883 965 917 1024 et
947 960 1121 1043 praelibare
1151 960 1315 1025 debemus.
1344 960 1433 1024 uide·
1489 966 1507 1019 B

283 1067 378 1131 batur
408 1067 489 1131 nihil
521 1067 690 1132 belefautis
723 1071 867 1132 creatura
899 1067 1013 1132 habere
1045 1066 1221 1145 robustius,
1255 1066 1334 1131 nihil
1366 1068 1432 1131 tam
1462 1084 1472 1121 ⁵

282 1174 426 1238 terribile
454 1175 509 1239 uel
536 1192 714 1256 procemm,
742 1174 823 1238 nihil
851 1177 916 1239 tam
940 1174 1042 1239 ferum
1067 1193 1162 1257 quam
1185 1174 1295 1239 leones
1318 1172 1372 1238 uel
1393 1174 1432 1237 ti-

283 1281 391 1365 grides
421 1285 506 1345 sunt.
536 1283 568 1344 et
595 1280 673 1344 haec
700 1280 846 1346 seruiunt
873 1280 995 1345 homini
1026 1282 1059 1345 et
1086 1283 1232 1345 naturam
1261 1299 1352 1345 suam
1376 1280 1433 1343 hu-

284 1407 379 1452 mana
408 1387 611 1453 institutione
644 1387 815 1470 deponunt.
850 1387 1083 1453 obliuiscuntur
1115 1388 1200 1469 quod
1237 1389 1310 1452 nata
1347 1389 1431 1463 sunt,

283 1493 422 1558 iuduunt
439 1494 523 1575 quod
538 1493 699 1558 iubentur.
724 1493 801 1575 quid
820 1493 946 1557 merita?
975 1493 1129 1559 docentur
1151 1496 1189 1558 ut
1211 1492 1345 1576 paruuli,
1371 1512 1431 1557 ser-

285 1601 379 1663 uiunt
393 1602 430 1664 ut
445 1598 572 1679 infirmi,
586 1599 794 1664 uerberantur
807 1602 843 1664 ut
857 1598 972 1678 timidi,
988 1600 1189 1684 corriguntur
1202 1602 1240 1664 ut
1254 1599 1385 1678 subditi,
1401 1600 1432 1663 in
1450 1620 1473 1659 ιι

286 1725 389 1771 mores
412 1708 538 1771 nostros
562 1709 737 1783 transeunt,
759 1706 909 1789 quoniam
928 1710 1035 1771 motus
1055 1707 1199 1791 proprios
1217 1706 1431 1791 perdiderunt.
1488 1712 1505 1767 0
1563 1730 1565 1797 g

221 1809 262 1873 37
286 1812 441 1877 mirabilis
460 1813 560 1897 igitur
578 1816 691 1877 natura
709 1814 741 1877 in
761 1814 905 1878 maximis
920 1851 965 1861 —
983 1813 1192 1879 mirabilis
1212 1814 1295 1877 enim
1314 1813 1353 1877 in
1378 1832 1433 1879 eu-

286 1920 412 1985 celsis
432 1920 851 1997 dominus-,mirabilis
867 1921 963 1985 etiam
978 1920 1011 1984 in
1021 1920 1172 1985 minimis.
1183 1920 1268 1985 sicut
1278 1919 1361 1984 enim
1372 1939 1431 1985 uon

285 2028 390 2092 minus
413 2027 508 2112 plana
531 2045 714 2110 camporum
738 2044 833 2108 quam
852 2028 1009 2093 montium
1029 2029 1094 2092 alta
1112 2027 1265 2091 miramur
1284 2046 1341 2107 pec
1359 2027 1432 2110 plus

286 2133 488 2201 altitudinem
517 2133 622 2197 caedri
650 2136 817 2215 stupemus
848 2153 943 2217 quam
967 2135 1044 2199 uitis
1070 2138 1125 2199 aut
1148 2136 1236 2200 oleae
1259 2134 1367 2199 breuis
1390 2134 1431 2199 fe·
1449 2154 1471 2191 u
1564 2176 1565 2197 t

286 2240 492 2318 moditatem,
516 2240 562 2304 ita
585 2258 645 2304 non
670 2240 808 2322 amplius
833 2241 929 2305 miror
950 2240 1157 2319 helefantum,
1182 2240 1256 2323 quia
1282 2258 1432 2323 procerus

286 2350 345 2425 est,
366 2366 460 2429 quam
485 2366 619 2425 murem,
640 2346 715 2429 quia
737 2348 889 2412 terribilis
912 2348 1070 2414 helefanto
1095 2351 1154 2412 est.
1179 2350 1309 2412 naturae
1333 2347 1430 2431 igitur

285 2454 365 2518 haee
388 2453 531 2537 potentia
554 2457 614 2530 est,
638 2456 676 2518 ut
699 2454 853 2519 terribilia
875 2454 945 2519 aliis
970 2455 1041 2519 aliis
1064 2454 1255 2519 meticulosa
1278 2454 1354 2520 sint.
1383 2460 1430 2521 est
1484 2458 1504 2511 Ι)
1563 2494 1564 2513 2

286 2562 370 2627 enim
394 2560 510 2626 donata
531 2560 754 2645 praerogatiua
777 2561 932 2643 quaedam
955 2562 1094 2646 singulis
1118 2560 1282 2639 creaturis,
1306 2564 1343 2627 ut
1367 2563 1431 2645 quti-

286 2667 421 2733 busdam
444 2667 622 2751 priuilegiis
642 2668 777 2750 propriis
796 2667 979 2735 fulciantur.
999 2667 1208 2733 formidabilis
1227 2668 1329 2733 taun's
1349 2669 1431 2733 hele·
1447 2693 1471 2731 eo

285 2775 403 2851 fantus,
433 2794 556 2839 murem
583 2776 687 2839 timet.
714 2776 764 2839 leo
794 2774 923 2857 quidem
950 2794 1002 2839 rex
1034 2774 1171 2839 ferarum
1204 2773 1317 2859 exiguo
1351 2794 1432 2841 scor-

285 2881 389 2962 pionis
414 2882 524 2945 aculeo
549 2882 728 2966 exagitatur
750 2886 783 2946 et
807 2901 925 2946 ueneno
951 2881 1107 2965 serpentis
1131 2880 1296 2946 occiditur.
1321 2882 1432 2946 eximia
1562 2884 1563 2891 ’

286 2987 387 3052 leonis
411 2988 636 3069 pulchritudo:
661 2989 818 3054 comantis
842 2988 964 3053 ceruice
987 2991 1074 3053 toros
1095 2988 1215 3053 excutit
1234 2988 1286 3053 uel
1305 2989 1430 3053 sublato

377 3216 392 3267 'l
412 3214 474 3267 Bas.
494 3214 545 3268 201
565 3212 611 3268 BC
632 3214 677 3280 (66
691 3214 726 3279 Β)
779 3216 812 3268 12
831 3214 893 3271 Bas,
913 3214 963 3268 201
981 3214 1063 3281 (1(86
1082 3214 1115 3282 0)
1134 3214 1234 3268 Psalm.
1254 3214 1431 3268 Lxxxxrrr

287 3302 321 3355 21
342 3301 404 3355 Bas.
424 3302 475 3356 201
497 3302 521 3355 D
542 3302 643 3371 (861))
698 3304 732 3357 23
753 3302 834 3371 Uerg.
853 3302 920 3355 Aen.
939 3301 1080 3357 11114-’1

324 3450 340 3503 3
360 3451 457 3505 ominis
479 3449 503 3503 0
554 3449 736 3505 thelefantis
757 3449 823 3504 Oet
842 3450 872 3516 (h
891 3453 963 3519 exp.)
984 3450 1010 3505 G
1029 3450 1156 3505 elefantis
1175 3457 1223 3505 cet.
1296 3451 1430 3505 robustius

290 3540 314 3592 0
331 3542 358 3605 (o
378 3556 411 3594 ex
430 3556 447 3593 ιι
465 3542 523 3606 md)
542 3540 681 3604 rubustius
707 3539 732 3593 V
749 3544 774 3604 (ο
790 3556 811 3593 s.
826 3557 843 3605 u
859 3542 915 3605 m2)
961 3540 976 3592 9
996 3539 1114 3594 induunt
1131 3540 1216 3594 MSB
1234 3539 1383 3594 induuntur
1395 3540 1431 3593 N‘

289 3633 317 3683 et
342 3628 459 3682 iuduunt
483 3628 554 3683 Vct
581 3628 792 3697 (transpositum
812 3634 879 3697 poet
903 3628 1041 3695 iubentur)
1065 3628 1113 3683 GP
1138 3636 1163 3683 ct
1189 3634 1229 3695 (et
1251 3646 1311 3699 exp.
1330 3630 1431 3700 m2)G

323 3718 430 3787 paruuli
449 3716 482 3770 N
495 3723 521 3772 ct
537 3721 585 3771 m2
605 3717 659 3771 GP
764 3718 794 3770 11
820 3720 963 3771 transeunt
981 3720 1088 3773 nostros
1107 3718 1175 3773 Diu.
1302 3722 1390 3773 motos
1412 3716 1434 3771 t!

289 3810 322 3862 15
342 3807 433 3861 caedri
453 3806 605 3863 GthM¹B
624 3804 748 3861 cerritu
768 3810 793 3871 (c
812 3822 844 3859 cx
863 3806 896 3860 ch
915 3808 973 3873 m2)
993 3812 1040 3861 cet.
1114 3810 1145 3861 ut
1164 3804 1258 3861 oleiG
1312 3807 1344 3861 16
1363 3806 1431 3861 hele·

287 3897 395 3951 fantum
416 3896 487 3961 O(h
504 3912 526 3949 a.
545 3900 584 3962 a.)
608 3894 662 3948 GP
680 3894 828 3949 elefantum
848 3900 893 3949 cet.
984 3896 1015 3950 17
1036 3896 1100 3965 quie
1116 3911 1168 3951 om.
1191 3894 1216 3949 G
1236 3899 1295 3961 (m2
1312 3896 1364 3949 ine.
1383 3912 1431 3965 que

289 3982 383 4054 etium)
453 3983 593 4037 helefanto
608 3982 633 4034 ll
649 3983 676 4049 (h
692 4000 751 4051 exp,
768 3983 803 4053 P)
818 3982 936 4037 elefanto
952 3988 998 4039 cet.
1062 3985 1159 4037 natura
1173 3983 1197 4036 Π
1210 3988 1281 4049 <nee
1296 3987 1342 4037 m2
1358 3983 1392 4049 G)
1407 3982 1433 4036 B

288 4075 323 4128 20
341 4073 495 4128 helefantus
514 4072 539 4125 11
558 4074 582 4143 (s
601 4074 632 4125 in
649 4088 705 4125 ras.
721 4076 740 4125 3
754 4072 806 4126 litt.
824 4072 853 4139 0,
869 4072 886 4125 h
901 4089 960 4140 exp.
975 4073 1012 4141 P>
1028 4072 1163 4126 elefantus
1178 4078 1223 4127 cet.
1280 4073 1314 4127 22
1333 4088 1432 4127 ueneno

291 4164 315 4215 (Ἰ
332 4166 394 4229 (eno
413 4162 445 4216 to
463 4166 531 4229 roa.)
586 4163 621 4215 23
640 4160 812 4231 pulchritudo
831 4161 854 4215 0
872 4165 898 4227 (o
918 4162 949 4215 to
967 4167 1034 4228 roe.)
1109 4162 1240 4215 comantis
1257 4160 1308 4215 CO
1327 4167 1351 4217 ct
1368 4162 1391 4229 (s
1406 4162 1433 4213 r'u

288 4254 356 4317 rue.)
371 4252 398 4305 P
416 4252 575 4306 commentis
598 4250 625 4305 V
645 4255 780 4305 comantes
801 4250 831 4303 Ν
902 4251 1033 4305 ceruicem
1056 4250 1108 4305 CV
1122 4256 1148 4306 et
1166 4250 1205 4321 (ιιι
1224 4250 1294 4320 erp.)
1308 4249 1335 4304 P
1352 4250 1433 4303 cerui·

290 4340 544 4410 mewffi
