3142 4967
244 424 288 487 92
721 419 918 474 Ambrosii

246 620 286 682 et
306 616 349 682 de
369 619 583 700 puteorum
603 618 766 681 tuorum
786 614 988 681 fontibus.
1003 615 1142 697 primum
1156 616 1299 681 omnium
1312 615 1392 680 nihil

244 724 367 807 gratius
395 722 535 788 florentis
565 722 659 787 odore
686 722 774 799 uitis,
804 722 964 805 siquidem
992 721 1030 786 de
1057 722 1133 787 flore
1161 740 1270 787 earum
1294 740 1392 787 sucus

244 850 411 913 expressus
439 829 547 913 poculi
575 848 675 913 genus
704 828 842 907 conficit,
871 828 956 909 quod
984 831 1018 892 et
1045 829 1206 911 uoluptati
1234 832 1267 893 et
1294 829 1391 893 saluti

242 938 297 1002 sit.
321 936 432 1002 deinde
456 936 527 1019 quis
551 955 612 1001 non
634 935 768 1001 miretur
790 955 827 999 er
850 935 932 1000 acini
954 934 1079 1000 uinaoio
1107 934 1207 999 uitem
1234 935 1391 1018 usquein

243 1042 363 1109 arboris
392 1062 553 1108 summum
582 1061 732 1107 cacumen
760 1061 975 1125 prorumpere,
1005 1060 1100 1124 quam
1131 1040 1223 1106 uelut
1254 1041 1391 1124 quodam
1424 1065 1437 1105 a
1554 1063 1555 1118 l

243 1150 388 1233 amplexu
424 1150 515 1215 fouet
551 1152 583 1214 et
619 1148 812 1231 quibusdam
847 1148 987 1213 brachiis
1023 1148 1104 1231 ligat
1140 1150 1173 1213 et
1213 1146 1391 1213 circumdat

241 1257 381 1334 lacertis,
405 1256 563 1339 pampinis
587 1256 698 1327 uestit,
719 1256 813 1320 sertis
833 1258 964 1320 coronat
981 1255 1144 1322 unarum?
1163 1273 1243 1336 quae
1262 1254 1301 1318 ad
1320 1254 1390 1319 imi·
1457 1267 1478 1320 Β

243 1364 396 1430 tationem
419 1364 504 1428 uitae
529 1366 655 1427 nostrae
677 1362 816 1445 primum
839 1362 949 1427 uiuam
969 1360 1080 1445 deligit
1097 1361 1246 1439 radicem,
1266 1360 1389 1438 deinde,

244 1470 318 1553 qnia
341 1472 453 1534 natura
476 1467 622 1534 flexibilis
647 1471 680 1533 et
703 1468 823 1533 caduca
845 1472 905 1546 est,
930 1468 1022 1551 quasi
1039 1467 1177 1533 brachiis
1197 1466 1389 1549 quibusdam

241 1575 288 1640 ita
311 1575 477 1639 clauiculis
502 1573 658 1657 quidquid
681 1575 941 1658 conprehenderit
963 1574 1092 1658 stringit
1109 1573 1223 1655 hisque
1242 1592 1278 1637 se
1295 1572 1391 1657 erigit
1410 1596 1436 1635 ro

189 1690 232 1753 50
243 1685 275 1747 et
312 1680 448 1747 adtollit.
486 1681 581 1746 huius
619 1684 669 1747 est
705 1682 822 1747 similis
858 1681 950 1765 plebs
988 1680 1152 1758 ecclesiae,
1186 1699 1267 1763 quae
1298 1682 1390 1746 uelut

243 1788 379 1872 quadam
406 1786 481 1851 fidei
507 1786 612 1851 radice
640 1786 803 1869 plantatur
830 1790 864 1851 et
889 1786 1072 1870 reprimitur
1099 1785 1291 1851 humilitatis
1319 1806 1389 1869 pro·

242 1894 367 1979 pagine,
388 1893 426 1958 de
450 1912 512 1976 que
534 1893 665 1976 pulchre
690 1892 736 1957 ait
757 1894 929 1976 propheta:
955 1893 1114 1957 uincam
1137 1911 1181 1957 er
1202 1890 1388 1977 Aegypto

241 2000 509 2065 transtulisti
541 2003 580 2065 et
608 2000 815 2084 plantasti
843 2000 1003 2065 radices
1032 1999 1132 2077 eius,
1162 2001 1202 2065 at
1227 2000 1389 2083 repleta
1458 2006 1477 2061 c

241 2110 304 2173 est
336 2110 452 2173 terra.
487 2106 654 2189 operuit
684 2108 837 2173 montis
868 2106 1007 2172 umbra
1034 2105 1124 2171 eius
1153 2111 1192 2172 et
1219 2107 1388 2172 arbusta
1410 2130 1437 2169 a

240 2215 330 2279 eius
355 2214 524 2279 caedros
549 2213 623 2279 dei.
648 2214 835 2280 extendit
857 2214 1052 2296 palmites
1076 2214 1165 2279 eius
1189 2232 1317 2297 usqua
1341 2212 1387 2279 ad

241 2340 346 2385 mare
379 2324 418 2386 et
450 2340 578 2403 usqua
612 2320 657 2385 ad
685 2320 839 2385 flumen
866 2320 1114 2405 propagines
1143 2320 1245 2386 eius.
1274 2323 1306 2385 et
1332 2340 1387 2403 per

241 2428 368 2493 Esaiam
396 2428 465 2510 ipsa
494 2428 641 2493 dominus
669 2427 799 2492 locutus
824 2430 874 2491 est
897 2426 1025 2493 dicens:
1049 2427 1170 2492 uinea
1192 2426 1302 2491 faeta
1325 2431 1386 2493 est

239 2535 398 2601 dilecto
418 2535 455 2599 in
477 2553 600 2599 cornu
619 2535 657 2599 in
676 2535 767 2600 loco
787 2534 914 2600 uberi.
935 2534 1204 2599 etmaceriam
1219 2534 1385 2600 eircum-

240 2641 332 2706 dedi
365 2645 405 2707 et
439 2641 683 2707 circumfodi
716 2641 877 2705 uincam
910 2640 1061 2706 Sorech
1090 2644 1129 2706 et
1157 2640 1385 2707 aedificari
1407 2664 1434 2705 ao
1553 2641 1554 2706 l

237 2750 390 2813 turrem
427 2748 465 2813 in
503 2748 633 2813 medio
672 2749 771 2813 eiua.
810 2747 1021 2813 circumdedit
1058 2748 1142 2813 enim
1175 2749 1267 2813 uelut
1298 2748 1384 2813 uallo

154 2846 158 2855 ’
238 2855 375 2937 quodem
404 2856 592 2920 caelestium
619 2859 862 2938 praeceptorum
890 2860 923 2920 et
945 2855 1131 2940 angelorum
1155 2856 1310 2922 custodia.
1332 2856 1387 2920 in·

237 2961 379 3027 mittet
397 2963 481 3027 enim
505 2962 677 3046 angelus
702 2962 854 3026 domini
877 2963 917 3027 in
941 2962 1122 3029 circuitu
1146 2963 1386 3028 timentium

236 3086 334 3132 eum.
357 3069 466 3152 posuit
488 3068 520 3133 in
546 3069 680 3133 ecclesia
702 3070 794 3134 uelut
814 3071 936 3134 turrem
959 3069 1177 3153 apostolorum
1201 3072 1233 3134 et
1251 3069 1387 3152 prophe·
1449 3086 1472 3139 Ι)

234 3177 340 3239 tantm
364 3177 458 3257 atque
484 3174 658 3253 doctorum,
683 3175 738 3257 qui
762 3176 865 3240 solent
889 3195 943 3258 pro
969 3176 1122 3241 eeclesiae
1144 3195 1222 3260 paee
1240 3180 1385 3258 praeterr·
1404 3199 1431 3238 as

324 3402 342 3455 4
361 3398 416 3455 cic.
438 3398 471 3454 de
489 3416 545 3454 sen.
565 3401 600 3454 52
669 3402 702 3455 13
722 3400 824 3455 Pealm.
843 3400 998 3457 LXXVIIII
1016 3402 1106 3456 9-12
1175 3404 1209 3458 18
1228 3404 1300 3459 Esai.
1321 3407 1345 3473 5,
1367 3408 1380 3461 l

234 3506 275 3558 sq.
295 3488 357 3543 Bas.
379 3488 429 3543 108
448 3488 494 3544 BC
513 3490 558 3559 (45
578 3488 638 3556 DE)
743 3490 778 3544 23
797 3489 896 3544 Parim.
916 3490 1033 3545 XXXIII
1050 3492 1067 3546 8
1084 3491 1147 3546 Bas.
1169 3492 1220 3547 108
1240 3493 1262 3550 C
1280 3496 1326 3561 (45
1344 3494 1381 3559 Ε)

234 3580 269 3632 24
287 3578 350 3634 Bas.
372 3578 422 3633 108
442 3578 489 3635 CD
510 3580 553 3646 (45
574 3579 603 3643 ll,
622 3578 657 3635 lt
675 3578 710 3645 A)

270 3702 286 3756 3
305 3701 395 3772 poculi
418 3701 441 3754 C
460 3707 485 3767 (o
504 3702 535 3754 ie
554 3702 623 3770 ras.)
712 3703 730 3755 4
749 3701 820 3755 acini
838 3702 943 3756 uinetio
961 3703 1079 3773 (niuacio
1098 3703 1144 3773 Μ)
1169 3704 1222 3759 Vn
1241 3704 1292 3761 hue
1309 3706 1381 3761 inui-

234 3793 309 3845 natio
331 3790 410 3845 GGP
509 3791 541 3844 14
561 3798 589 3844 et
608 3790 720 3860 replesti
738 3794 838 3845 terram
858 3791 890 3845 Ν
994 3793 1026 3847 15
1044 3794 1145 3849 montIs
1166 3793 1313 3849 Cmontes
1331 3803 1379 3850 cet.

270 3880 380 3935 caedros
399 3878 477 3934 PBS
495 3880 588 3935 cedros
607 3886 655 3934 cet.
712 3882 744 3935 16
765 3880 912 3935 extendisti
930 3882 1022 3935 1⁷an
1089 3884 1251 3953 pahnitisO
1322 3886 1380 3941 eiua

232 3986 317 4039 usque
340 3967 450 4035 Oleius
470 3986 500 4023 us
519 3970 551 4023 in
568 3985 625 4025 raa.
645 3970 703 4039 md)
767 3971 799 4035 17
819 3971 1022 4041 propaglniaC
1083 3974 1116 4027 19
1134 3974 1249 4046 macerie
1268 3974 1306 4028 M
1321 3991 1379 4028 mu·

233 4058 345 4113 cerieS
397 4059 429 4112 21
451 4058 545 4111 turrim
567 4058 614 4123 (im
634 4074 668 4111 esc
686 4058 738 4127 em)
757 4062 806 4113 m3
826 4058 914 4114 Ome
934 4059 1049 4116 GPuM
1104 4062 1271 4117 mediumC
1327 4064 1379 4117 cir-

231 4146 372 4201 cumdedit
393 4146 416 4200 0
434 4150 457 4215 (t
475 4147 506 4201 in
524 4152 593 4213 raa.)
668 4148 819 4201 enimcum
836 4147 896 4202 MS
993 4150 1027 4204 22
1046 4152 1266 4221 praeceptumC'
1335 4154 1377 4207 in·

232 4236 319 4289 mittit
337 4234 370 4289 N
419 4237 454 4289 21
474 4236 618 4291 aeclesiam
639 4236 662 4289 0
680 4241 707 4302 (a
723 4253 767 4305 pr.
787 4238 870 4306 erae.)
889 4238 1030 4293 eeclesiam
1048 4239 1076 4293 B
1095 4246 1133 4303 (m
1151 4244 1223 4310 exp)
1248 4240 1278 4305 V,
1298 4242 1379 4296 houd

232 4330 301 4379 reete
373 4326 468 4379 turrim
485 4328 533 4379 m2
554 4324 642 4381 GPM
