3142 4967
433 474 475 529 De
494 474 553 529 Noe
572 475 616 537 20,
636 478 667 529 71
705 474 729 543 (Ι
747 476 799 529 257
819 474 930 529 n-258
949 474 992 542 F).
1250 478 1314 542 465

163 670 294 751 piscuut
315 688 373 733 uec
396 670 553 733 satiantur·
576 669 768 734 adsiduitate
792 670 930 754 potandi.
961 670 1007 733 ita
1029 671 1116 734 fonte
1141 669 1314 752 sapientiae

165 776 310 840 certatim
327 775 442 859 repleri
461 775 648 853 desiderant,
668 796 762 857 quem
782 780 855 841 ante
874 776 984 860 fugere
1004 774 1193 860 gestiebant.
1219 795 1311 857 quem
1336 786 1358 839 B

164 882 307 947 fontem?
331 882 405 947 audi
430 882 604 947 dicentem:
638 884 673 947 si
703 884 795 965 quis
825 883 932 959 sitit,
961 883 1102 947 ueniat
1126 882 1171 946 ad
1194 902 1250 947 me
1275 888 1314 947 et

163 989 291 1053 bibat.
324 992 392 1071 qui
421 990 555 1055 credit
578 991 615 1055 iu
640 1009 707 1068 me,
732 992 845 1055 sicut
868 990 973 1055 dixit
997 992 1214 1073 scriptura,
1239 992 1311 1056 ilu-

133 1097 268 1160 smina
291 1096 335 1161 de
359 1100 502 1161 uentre
526 1098 615 1163 eius
639 1098 776 1162 fluent
801 1116 924 1180 aquae
949 1098 1077 1163 uiuae.

36 1203 117 1283 titii
205 1204 241 1267 In
266 1204 368 1286 primo
393 1207 425 1268 et
448 1205 675 1269 sescentesimo
700 1224 779 1269 auno
805 1206 891 1269 uitae
914 1205 983 1269 Noe
1003 1205 1104 1287 primo
1125 1204 1174 1269 die
1193 1206 1311 1269 mensis
1336 1210 1356 1267 C

160 1311 300 1394 (primi)
321 1311 477 1375 minutam
497 1330 612 1393 aquam
633 1312 710 1376 dicit
728 1332 747 1377 a
765 1312 847 1377 facie
866 1316 976 1387 terrae,
996 1312 1028 1375 iu
1047 1312 1184 1377 secundo
1203 1314 1311 1375 autem

161 1437 270 1482 mense
293 1419 429 1502 septima
452 1422 485 1483 et
507 1419 661 1483 uicesima
690 1418 740 1484 die
768 1418 888 1483 mensis
918 1420 1069 1483 siccatam
1097 1422 1211 1483 terram
1240 1438 1311 1483 esse

162 1527 398 1591 commemoret.
422 1526 498 1608 quid
518 1526 579 1590 sibi
598 1527 672 1589 uult
689 1526 744 1590 illa
763 1526 899 1591 adiectio
919 1528 957 1591 de
973 1544 1072 1608 aquae
1089 1525 1308 1602 inminutione,

123 1654 144 1692 no
162 1650 232 1695 cum
257 1636 431 1715 supputata
452 1633 534 1697 ratio
557 1634 701 1714 superior
723 1652 840 1697 anuum
861 1634 1060 1698 'conclusisse
1080 1632 1234 1709 uideatur,
1255 1631 1309 1715 qui
1328 1636 1352 1690 1)

161 1757 259 1803 annuns
285 1759 303 1803 a
326 1739 463 1804 secundo
487 1758 597 1805 mense
620 1740 734 1823 incipit
757 1744 790 1804 et
812 1741 843 1803 iu
869 1740 1042 1805 secundum
1066 1758 1206 1803 mensem
1236 1740 1308 1803 anni

161 1846 292 1911 alterius
321 1865 423 1928 usque
446 1846 657 1930 progreditur,
681 1846 743 1911 nisi
766 1848 847 1911 forte
870 1846 922 1911 hic
946 1846 1023 1910 iusti
1047 1846 1181 1910 formam
1205 1846 1307 1910 decla-

161 1957 261 2016 ratam
283 1954 422 2017 uelimns
446 1953 598 2036 accipere,
623 1959 659 2018 ut
683 1954 803 2037 primus
824 1973 923 2019 annus
942 1954 970 2017 is
988 1953 1095 2028 fuerit,
1115 1972 1177 2035 quo
1203 1953 1307 2035 eoepit

161 2058 329 2134 diluuium,
354 2064 428 2141 post
454 2061 717 2125 sescentesimum
745 2061 870 2125 scilicet
897 2070 996 2124 annus
1024 2060 1157 2143 primus,
1185 2060 1306 2142 primus

121 2190 143 2227 n
158 2166 275 2231 iterum
298 2187 400 2233 eunus
428 2171 461 2232 et
487 2168 608 2250 primus
637 2168 756 2232 mensis
782 2172 858 2251 post
886 2168 1149 2233 sescentesimum
1179 2186 1305 2243 aunum,

160 2274 284 2356 quando
313 2274 435 2339 minuta
462 2279 512 2339 est
535 2296 618 2359 aqua
641 2296 658 2339 a
680 2276 761 2339 facie
784 2278 897 2352 terrae,
921 2294 957 2339 eo
983 2275 1067 2357 quod
1089 2275 1196 2339 iustus
1220 2277 1252 2338 et
1274 2275 1305 2338 in

160 2384 362 2463 peccatorum
383 2383 594 2465 generatione,
615 2402 695 2464 quae
713 2387 841 2466 propter
860 2382 977 2445 delicta
992 2382 1096 2447 deleta
1110 2385 1169 2457 est,
1185 2380 1304 2445 uirtute
1329 2384 1350 2438 Ε

159 2488 281 2570 primus
306 2492 373 2552 erat
396 2492 428 2553 et
450 2490 482 2552 in
507 2490 647 2553 secunda
670 2490 881 2573 generatione,
906 2508 986 2571 quae
1011 2488 1116 2571 coepit
1133 2490 1207 2571 post
1226 2486 1305 2551 dilu-

158 2594 258 2669 uium,
277 2596 400 2679 primus
419 2596 538 2674 ordine,
559 2597 632 2679 quia
647 2598 769 2679 primus
784 2596 940 2660 secundae
956 2594 1167 2679 generationis
1181 2594 1253 2658 fuit.
1274 2596 1306 2658 et

116 2728 142 2767 ac
158 2702 272 2767 merito
294 2704 416 2784 primus
444 2708 598 2769 euaserat.
632 2708 715 2768 recte
743 2703 826 2767 enim
856 2703 885 2766 ei
908 2702 1008 2766 honor
1030 2701 1170 2765 defertur
1194 2700 1249 2782 qui
1273 2704 1304 2765 et

158 2809 277 2890 primae
301 2811 511 2893 generationis
535 2811 656 2892 primus
681 2810 743 2874 fuit
765 2814 798 2873 et
816 2806 1001 2891 posterioris
1025 2806 1224 2891 principium,
1250 2807 1303 2888 qui

159 2917 310 2981 meruerit
337 2918 370 2981 et
396 2917 434 2981 de
461 2918 518 2982 iila
545 2918 679 2982 euadere
702 2920 735 2980 et
757 2917 812 2981 isti
837 2917 876 2980 ad
899 2914 1101 2980 seminarium
1126 2914 1302 2996 propagari.

158 3042 229 3086 cum
264 3024 348 3087 enim
380 3024 434 3088 alii
467 3025 673 3107 deperissent,
707 3025 796 3089 solus
829 3024 914 3088 uitae
949 3022 1093 3105 egregiae
1127 3020 1238 3085 merito
1271 3024 1303 3085 et

156 3131 376 3215 praerogatiua
412 3132 542 3195 uirtutis
580 3132 663 3214 apud
701 3131 795 3195 deum
833 3131 923 3194 dirres
962 3148 1022 3193 non
1065 3131 1115 3192 est
1155 3132 1301 3210 expertus

114 3265 138 3303 aa
156 3236 297 3301 malitiae
321 3239 542 3322 corruptelam,
566 3258 622 3322 per
645 3258 737 3320 quem
761 3238 882 3302 factum
911 3240 960 3301 est
988 3256 1025 3300 ne
1053 3240 1158 3301 totum
1187 3253 1300 3316 corpus
1324 3236 1347 3291 F

245 3464 261 3515 3
281 3464 339 3518 ioh.
359 3466 383 3526 7,
403 3465 437 3518 37
456 3481 495 3533 sq.
547 3467 563 3518 6
583 3464 649 3518 Gen.
670 3464 694 3520 8.
717 3465 748 3517 13
768 3481 808 3533 sq.
828 3463 907 3515 Philo
928 3462 1039 3529 Quaest.
1060 3462 1138 3517 1145

192 3588 328 3649 lfoutem
348 3588 375 3641 P
480 3588 613 3657 2repleri
632 3588 659 3641 P
677 3590 697 3653 (i
716 3605 750 3641 ex
769 3594 794 3651 e)
904 3587 1012 3641 edixit
1029 3588 1085 3641 PT
1107 3585 1174 3641 dicit
1196 3587 1226 3640 ‘1¹⁴
1251 3593 1298 3639 cet.

154 3676 381 3739 deessentesimo
401 3678 428 3730 P
446 3683 504 3743 (xa
531 3682 554 3741 s)
574 3678 766 3731 sexcentesimo
785 3683 833 3731 cet.
908 3677 1021 3746 iprimi
1040 3677 1141 3730 addidi
1211 3676 1298 3728 miuu-

154 3767 207 3817 tarn
232 3764 768 3835 TimminutumPtirne.u.m3)cet.
825 3766 894 3820 dicit
913 3766 1052 3835 aquamB
1105 3766 1297 3833 faciemP(m

153 3858 234 3915 eros.)
289 3855 410 3923 itaquae
430 3856 595 3924 ecquaeP
650 3856 682 3909 12
702 3855 866 3909 declaratam
885 3857 1009 3924 Pttas.
1028 3872 1054 3907 u.
1076 3858 1130 3919 7212)
1190 3855 1222 3907 14
1241 3871 1297 3907 ses-

153 3942 328 3995 centesimum
347 3944 374 3996 P
391 3946 613 3998 sexcentesimnm
633 3950 681 3999 eet.
744 3945 892 3998 aunumT
950 3944 1050 4014 primus
1071 3946 1195 3997 aidau.
1213 3944 1299 3996 rer2P

154 4031 186 4083 15
205 4032 427 4093 sescentesimum
445 4034 473 4085 P
491 4039 516 4098 ix
534 4051 555 4086 a.
576 4041 599 4095 s)
620 4035 844 4087 sexcentesimum
863 4040 910 4091 cet.
1001 4050 1099 4087 aurnum
1119 4049 1139 4087 e.
1159 4050 1187 4088 cc.
1207 4038 1253 4085 2112
1271 4033 1298 4085 P

153 4120 186 4170 16
204 4120 311 4173 minuta
327 4121 353 4172 T
369 4122 510 4175 imminuta
524 4122 552 4175 P
569 4124 617 4187 (im
637 4124 701 4175 add.
717 4126 774 4187 m3)
791 4128 837 4176 cet.
895 4124 927 4176 19
947 4123 1048 4192 primus
1067 4121 1160 4176 ordine
1181 4126 1207 4175 et
1227 4122 1252 4174 Τ
1269 4126 1296 4174 et

141 4207 244 4262 ‘ordine
268 4210 295 4261 P
317 4211 358 4277 (in
380 4227 434 4278 quo
457 4211 586 4275 ordinem,
609 4228 637 4264 nn
659 4213 741 4280 eros.)
769 4213 800 4265 T'
825 4218 886 4279 cct.,·
909 4216 937 4266 et
956 4212 1045 4265 delent
1152 4216 1179 4264 et
1198 4228 1249 4265 one.
1274 4211 1298 4263 Τ

149 4299 185 4352 20
203 4298 321 4351 euaserit
343 4298 368 4351 T
475 4301 499 4353 ei
523 4300 704 4354 PDNBCM
721 4306 749 4354 et
767 4302 795 4354 P
813 4318 898 4370 (κερ,-
920 4318 942 4357 a.
961 4305 1008 4355 m2
1027 4303 1062 4371 ei)
1086 4301 1110 4354 Τ
1206 4302 1241 4353 22
1261 4300 1296 4353 ad

148 4404 198 4441 om.
219 4388 247 4439 B

174 4514 266 4553 xxnrr.
278 4514 356 4555 umor.
371 4525 423 4563 pm
437 4518 457 4564 r,
472 4516 527 4555 rue.
542 4518 562 4557 1.
1225 4497 1259 4551 30
