3142 4967
246 429 310 492 108
649 434 651 442 ’
717 423 915 480 Ambrosii

245 620 369 686 debitos
393 621 516 686 fructus
540 621 632 685 nobis
655 618 825 697 ministrat,
849 619 925 684 dum
949 616 1146 683 obsecundat
1169 618 1310 682 auctori:
1333 637 1392 684 nos

244 727 386 792 debitum
427 747 543 792 munus
580 745 745 811 negamus,
782 726 857 791 dnm
894 745 956 790 non
992 743 1181 790 ueneremur
1216 729 1389 790 auctorem.

191 827 229 890 71
243 833 317 899 uide
353 834 384 899 in
420 835 528 917 paruis
567 853 647 917 quae
683 833 886 918 prouidentia
918 833 963 897 sit
994 831 1045 896 dei
1078 834 1120 911 et,
1153 831 1227 914 quia
1260 851 1404 916 conpre,
1457 850 1529 904 can

243 940 378 1006 bendere
413 959 474 1007 non
511 944 613 1024 potes,
651 940 764 1005 mirare
802 939 959 1022 quomodo
997 938 1059 1004 alia
1091 958 1216 1022 semper·
1246 938 1390 1006 florentia

242 1048 421 1126 reserarant,
459 1048 521 1113 alin
556 1047 750 1113 mutationes
786 1046 901 1112 habere
933 1045 1074 1112 uoluerit
1104 1045 1324 1129 expoliationis
1356 1050 1390 1112 et
1422 1065 1438 1106 a

243 1153 404 1226 amictus..
426 1155 509 1219 inter
544 1173 622 1220 cana
658 1155 794 1231 niumm,
831 1153 959 1237 pruinas
996 1153 1153 1239 frigorum
1193 1152 1389 1218 uiriditatem

243 1278 333 1325 snam
366 1280 441 1326 arua
473 1263 664 1326 conseruent
697 1264 728 1326 et
760 1279 834 1326 enm
860 1261 931 1342 ipsa
958 1264 1045 1326 tecta
1072 1261 1137 1326 sint
1165 1261 1249 1344 gelu,
1278 1262 1389 1342 partus

242 1365 292 1432 sui
316 1370 421 1432 tamen
445 1367 525 1432 haut
547 1367 691 1451 exiguam
716 1368 855 1450 speciem
879 1369 1051 1434 niriditatis
1075 1369 1236 1434 obterunt.
1258 1367 1291 1431 in
1309 1366 1390 1449 ipsis

242 1491 368 1556 quoqne
387 1475 556 1558 generibus
572 1474 728 1554 arborum,
743 1494 824 1556 quae
844 1475 1003 1541 diuturnis
1017 1475 1183 1541 frondibus
1196 1474 1389 1552 uestinntnr,

242 1596 304 1646 non
327 1580 497 1647 mediocris
521 1581 673 1648 distantia
696 1585 755 1646 est.
779 1586 889 1648 seruat
909 1581 1131 1649 indumentum
1151 1600 1246 1647 snum
1264 1599 1391 1662 semper
1407 1600 1438 1641 ro

243 1690 312 1756 olea
335 1687 389 1752 uel
410 1688 515 1771 pinus,
540 1688 596 1754 sed
618 1692 725 1754 tamen
748 1689 826 1754 solia
848 1708 909 1754 sna
930 1707 1024 1772 saepe
1047 1690 1245 1754 commutant
1266 1705 1324 1752 nec
1351 1705 1389 1751 ea
1456 1699 1482 1753 Β

243 1795 336 1878 quasi
359 1793 518 1874 diuturna,
542 1794 598 1862 sed
623 1795 714 1878 qnasi
734 1796 930 1862 succedanea
947 1795 1157 1879 praetendunt
1174 1813 1250 1860 suae
1268 1791 1389 1858 arboris

241 1901 473 1986 pulchritudini
500 1903 646 1986 perpetui
674 1902 858 1988 integritate
882 1904 1021 1969 uestitus
1045 1903 1150 1966 uicem
1172 1901 1313 1966 muneris
1337 1899 1391 1964 ob·

240 2007 436 2076 umbrantes.
465 2010 572 2092 palma
600 2011 707 2074 autem
735 2010 843 2075 uirens
872 2029 996 2094 semper
1017 2013 1127 2074 manet
1148 2005 1390 2074 conseruatione

241 2119 274 2179 et
302 2112 521 2190 diuturnitate,
550 2134 611 2181 non
639 2115 850 2182 inmutatione
878 2117 1037 2181 foliorum.
1070 2135 1143 2180 nam
1175 2133 1256 2196 quae
1288 2113 1437 2197 primore

241 2221 469 2305 germinanerit
505 2220 592 2299 folia,
631 2241 667 2286 ca
704 2222 772 2286 sine
810 2223 877 2287 nlla
912 2221 1155 2288 substitutionis
1187 2219 1390 2286 successione

241 2330 418 2392 conseruat.
452 2327 576 2392 imitare
610 2347 685 2412 ergo
718 2349 798 2407 eam,
832 2349 849 2393 o
882 2330 987 2408 homo,
1020 2334 1058 2394 ut
1089 2329 1214 2394 dicatur
1245 2330 1279 2392 et
1309 2326 1387 2391 tibi:

241 2437 402 2498 statura
424 2439 493 2500 tua
511 2435 665 2500 similis
685 2435 796 2501 iacta
815 2439 878 2500 est
894 2437 1061 2520 palmae.
1081 2454 1173 2501 serua
1190 2433 1388 2500 uiriditatem

240 2541 395 2624 pueritiae
414 2544 488 2606 tuae
507 2545 540 2607 et
558 2542 646 2608 illins
666 2542 864 2608 innocentiae
882 2541 1046 2618 naturalis,
1066 2561 1161 2625 quam
1179 2561 1199 2606 a
1215 2539 1387 2623 primordio
1454 2553 1478 2608 C

240 2648 398 2731 recepisti,
423 2653 461 2714 ut
482 2648 644 2732 plantatus
669 2667 762 2714 secus
782 2649 935 2714 decursus
958 2667 1110 2731 aquarum
1135 2648 1276 2714 fructum
1293 2652 1388 2713 tuum
1405 2667 1435 2706 so

238 2753 270 2816 in
299 2757 441 2836 temporo
469 2757 525 2818 tno
554 2755 670 2820 habeas
700 2759 921 2839 praeparatum
944 2758 977 2820 et
999 2755 1112 2821 folium
1134 2758 1227 2820 tunm
1250 2773 1312 2819 non
1336 2753 1387 2818 de-

239 2860 327 2924 fluat.
366 2861 447 2926 hanc
483 2860 679 2926 uiriditatem
717 2862 836 2945 gratiae
869 2880 994 2945 semper
1024 2862 1165 2927 florentis
1196 2861 1228 2926 in
1261 2860 1386 2928 Christo

240 2969 351 3032 secuta
369 2966 507 3033 ecclesia
526 2967 623 3032 dicit:
642 2968 680 3032 in
705 2969 845 3033 umbra
868 2967 956 3032 eius
981 2968 1202 3050 concupiui
1227 2971 1266 3033 et
1288 2968 1385 3034 sedi.

240 3073 320 3138 hanc
342 3074 596 3158 praerogatiuam
620 3074 693 3140 doni
717 3075 850 3142 uirentis
874 3079 1063 3158 acceperunt
1085 3075 1232 3158 apostoli,
1252 3095 1385 3158 qnorum

240 3197 296 3243 nec
332 3179 446 3246 folium
483 3199 635 3262 umquam
672 3181 778 3263 potnit
813 3180 905 3261 elabi,
938 3186 975 3246 ut
1006 3199 1113 3249 eorum
1145 3181 1241 3247 etiam
1275 3184 1387 3248 umbra
1403 3197 1430 3237 ¹⁵

240 3289 364 3350 curaret
387 3291 553 3371 aegrotem
574 3287 807 3352 obumbrabant
825 3288 910 3353 enim
927 3287 1127 3354 infirmitates
1146 3289 1288 3371 corporis
1306 3289 1384 3353 fides

240 3393 356 3458 mentis
385 3397 418 3459 et
444 3394 588 3460 florentia
616 3394 729 3460 merita
757 3395 924 3460 uirtutum.
953 3414 1044 3460 mnne
1069 3413 1143 3479 ergo
1166 3394 1329 3477 plantatus
1352 3397 1383 3460 in
1449 3408 1477 3462 D

328 3637 444 3707 6Uerg.
466 3636 563 3707 Georg.
582 3637 610 3692 11
629 3637 682 3692 376
802 3638 917 3694 10an
937 3638 989 3692 109
1009 3637 1033 3690 A
1052 3639 1153 3708 (46Β)
1172 3638 1381 3711 115Β(49Β)

241 3723 273 3777 18
294 3723 371 3780 Cant.
393 3726 454 3790 7,7
509 3725 726 3781 consolante
782 3727 996 3792 recantas
1051 3729 1211 3792 aenens,
1233 3730 1266 3782 15

274 3886 290 3938 5
309 3886 460 3939 reseruanit
478 3885 544 3938 ΝΒ
563 3885 713 3939 sernanenit
736 3885 762 3938 V
815 3887 830 3939 7
850 3891 915 3940 sunt
933 3885 957 3938 ss
977 3888 1044 3952 (sint
1064 3849 1164 3954 (luet)¹
1177 3888 1212 3952 B,
1226 3889 1297 3956 sort.
1315 3895 1384 3943 reete

239 3971 346 4027 Shand
368 3973 451 4028 Gm2
469 3979 517 4028 ant
538 3974 616 4028 Gara]
634 3980 681 4028 cet.
747 3973 930 4028 9diurnisll
996 3976 1029 4031 12
1048 3975 1188 4030 diurnali
1260 3977 1382 4032 succida·

238 4061 335 4114 neaB
356 4061 424 4116 Tell.
499 4062 847 4131 laureacense
921 4065 953 4118 17
978 4065 1109 4119 eaCPV
1178 4066 1384 4121 23·umbra0

239 4151 273 4203 24
292 4153 453 4220 acceperunt
471 4149 494 4202 ss
515 4153 540 4220 (a
560 4153 608 4206 alt.
628 4156 676 4206 m2
694 4168 727 4206 ec
745 4153 754 4206 i
774 4152 811 4219 G)
832 4157 992 4223 acceperant
1006 4159 1034 4208 et
1047 4155 1080 4208 N
1131 4156 1165 4210 26
1185 4155 1383 4210 obumbrabant

237 4239 337 4306 serapti
354 4237 535 4294 obumbrabat
547 4240 585 4294 M
601 4247 626 4295 ct
646 4241 691 4304 (ba
710 4242 781 4312 exp.)
800 4241 823 4295 S
841 4243 1004 4296 obumbrant
1018 4242 1072 4298 ΠΒ
1090 4243 1235 4299 obumbrat
1247 4243 1286 4300 N‘
1340 4245 1382 4298 in·

238 4327 373 4380 firmitatis
397 4327 418 4381 0
435 4327 587 4382 infirmitati
607 4327 709 4394 N⁴MS,
723 4329 794 4396 sort.
814 4335 884 4384 recte
