3142 4967
251 456 317 518 364
715 453 915 506 Ambrosii

252 647 389 712 dilexit
417 647 508 711 deus
537 648 634 711 hune
662 647 850 725 mundum,
879 651 922 711 ut
950 647 1100 711 unicum
1134 646 1259 710 filium
1291 665 1395 710 suum

251 775 315 836 pro
340 755 447 820 nobis
473 754 647 819 omuibus
672 755 787 820 daret.
814 754 894 818 unde
919 753 1144 836 perfectionem
1168 753 1288 836 gratiae
1312 771 1396 835 prae-

253 861 362 926 dicans
381 862 546 942 apostolus
566 862 624 925 ait:
646 862 828 945 quomodo
848 881 918 926 non
939 862 1050 925 etiam
1076 879 1157 924 onrn
1180 860 1249 924 illo
1276 859 1397 922 omnia

252 967 362 1031 nobis
386 967 566 1031 donauit?

161 1079 196 1160 8,
208 1079 249 1141 29
295 1075 403 1137 Prima
433 1073 532 1158 igitur
564 1073 632 1139 uoti
664 1076 768 1159 gratia
801 1079 850 1140 est
882 1073 1025 1138 celeritas
1055 1073 1233 1139 solutionis.
1265 1073 1397 1154 denique
1425 1071 1479 1133 sB

252 1181 411 1244 Abrabam
434 1179 536 1245 filium
560 1201 654 1246 suum
678 1183 717 1246 ad
740 1183 965 1247 holocaustum
988 1181 1096 1244 iussus
1119 1179 1228 1245 offerre
1247 1199 1309 1244 non
1327 1185 1400 1262 post
1552 1167 1553 1170 ¹

254 1288 321 1351 dies
351 1292 389 1352 ut
421 1286 498 1352 Cain
531 1289 659 1370 optulit,
692 1288 749 1352 sed
781 1307 987 1372 exsurgens
1020 1305 1123 1351 mane
1157 1287 1299 1351 strauit
1331 1286 1399 1351 asi·

253 1414 336 1458 nam
369 1414 474 1459 suam
507 1399 544 1459 et
577 1395 754 1460 adhibuit
785 1415 909 1460 seeum
940 1395 1034 1459 duos
1063 1413 1200 1476 pueros
1230 1397 1267 1457 et
1293 1393 1398 1457 Isaeo
1461 1401 1478 1454 t!

253 1502 378 1566 filium
426 1522 533 1566 suurn
572 1505 612 1566 et
653 1503 856 1568 eoueidens
897 1503 1002 1586 ligna
1044 1502 1088 1566 ad
1132 1501 1398 1565 holocaustum

254 1627 413 1693 surgens
451 1609 548 1673 abiit
584 1612 621 1673 et
656 1610 764 1674 uenit
801 1609 844 1672 ad
885 1610 1006 1673 looum
1050 1627 1156 1691 quem
1189 1609 1222 1672 ei
1256 1608 1401 1671 dixerat
1418 1631 1441 1669 ιο
1552 1595 1553 1638 l

254 1715 345 1780 deus
373 1715 433 1780 die
460 1717 584 1780 tertia.
613 1716 714 1799 primo
744 1716 874 1780 aduerte
901 1715 1099 1780 immolaturi
1127 1714 1270 1778 studium
1299 1716 1401 1778 matu-

253 1841 323 1886 rum
356 1826 452 1904 atque
483 1823 646 1900 festinum,
680 1825 718 1886 ut
748 1843 837 1888 mora
869 1823 1096 1904 expectationis
1128 1841 1189 1885 non
1222 1823 1309 1886 esset
1340 1819 1402 1884 nisi
1552 1845 1553 1910 p

253 1928 352 1993 donee
381 1927 544 1993 audiretur
572 1929 747 2006 oranulum,
776 1929 887 1993 deiude
916 1932 954 1993 ut
977 1931 1131 1993 sterneret
1153 1927 1276 1992 asinam
1299 1945 1400 1996 suam,

254 2035 443 2118 obsequium
471 2055 563 2100 omne
584 2035 654 2118 ipse
677 2037 856 2119 susciperet
879 2039 913 2100 et
935 2035 1090 2100 sacrificio
1114 2033 1293 2099 necessaria
1313 2052 1401 2116 prae-

253 2145 387 2224 pararet,
416 2142 540 2207 duabus
564 2162 690 2225 quoque
712 2142 789 2207 fidei
813 2143 987 2206 uirtutibus
1013 2141 1239 2206 comitantibus
1263 2140 1400 2206 hostiam
1419 2164 1441 2201 ιε

255 2267 346 2313 suam
370 2249 508 2328 duoeret,
533 2249 570 2313 de
592 2252 752 2332 potestate
776 2249 827 2314 dei
852 2253 957 2314 certus
982 2252 1015 2313 et
1037 2249 1075 2314 de
1096 2249 1238 2313 bonitate
1258 2265 1399 2312 securus.
1458 2253 1477 2304 b

186 2357 339 2437 eoquod
366 2360 472 2420 autem
501 2356 546 2420 ait
573 2356 631 2420 die
664 2357 789 2435 tertia,
823 2358 877 2421 uel
905 2356 989 2440 qnod
1017 2357 1169 2422 continua
1192 2375 1263 2420 esse
1288 2355 1400 2419 debeat

254 2466 286 2527 et
298 2466 453 2546 perpetua
467 2462 595 2528 deuotio
604 2461 852 2545 —tripert'tum
868 2466 919 2528 est
933 2463 1015 2526 enim
1029 2465 1167 2544 tempus,
1182 2461 1399 2544 praeteritum,

253 2587 401 2651 praesens
425 2573 458 2633 et
480 2569 635 2647 futurum,
660 2587 722 2651 quo
747 2569 954 2633 admonemur
976 2568 1061 2651 qnod
1083 2586 1141 2632 neo
1160 2568 1400 2650 praeteritorum

253 2675 476 2740 beneficiorum
519 2674 569 2739 dei
610 2675 663 2738 uel
699 2674 914 2757 praesentium
953 2675 1006 2738 uel
1042 2673 1223 2738 futurorum
1258 2674 1400 2757 inrepere
1417 2697 1442 2737 ro

253 2782 322 2846 ulla
348 2781 463 2846 debeat
490 2781 620 2860 obliuio,
652 2780 708 2845 sed
740 2785 831 2845 tenax
864 2783 983 2867 gratiae
1016 2779 1167 2845 memoria
1198 2797 1401 2863 perseuerare

256 2891 288 2953 et
307 2888 508 2954 oboedientia
523 2907 586 2952 uon
605 2886 716 2953 deesse
731 2925 774 2934 -
788 2887 841 2952 uel
861 2889 936 2970 qnia
953 2887 981 2952 is
1001 2887 1056 2968 qui
1075 2887 1232 2952 sacrificat
1251 2887 1282 2950 in
1302 2906 1398 2950 unum

256 2994 464 3077 splendorem,
496 3013 592 3058 unam
624 2996 729 3058 luoem
760 2995 874 3059 debeat
907 2995 1030 3059 eredere
1057 2993 1225 3068 trinitatis;
1260 2992 1289 3058 ei
1317 2993 1398 3058 enim
1460 2999 1477 3052 E

257 3101 310 3183 qni
342 3100 478 3165 fideliter
511 3101 667 3165 sacrificat
699 3101 766 3165 dies
799 3103 896 3178 lueet,
929 3120 989 3165 nor
1016 3101 1103 3164 nulla
1135 3105 1194 3166 est.
1228 3101 1275 3165 sio
1308 3103 1340 3164 et
1368 3099 1398 3163 iu

256 3207 362 3270 llxodo
390 3206 519 3289 Moyses
547 3206 606 3270 ait:
639 3207 739 3270 uiam
770 3208 888 3271 trium
923 3206 1066 3271 dierum
1100 3208 1238 3272 ibimus
1274 3211 1312 3272 et
1339 3207 1439 3272 imis

256 3312 482 3377 molabimus
519 3313 665 3378 domino
704 3313 771 3379 deo
809 3319 951 3378 nostro.
990 3315 1046 3378 sed
1082 3315 1177 3378 etiarn
1215 3313 1292 3379 alibi
1329 3333 1400 3378 eum

344 3559 361 3612 3
380 3558 457 3612 Rom.
477 3557 502 3623 8,
522 3559 556 3612 32
612 3559 628 3612 5
646 3558 726 3612 Philo
745 3557 779 3611 de
795 3575 860 3614 sacr.
879 3559 910 3612 15
928 3559 999 3624 (173,
1016 3557 1166 3622 1ος122ὃ,
1183 3560 1216 3612 15
1234 3558 1275 3625 0.)
1290 3557 1399 3623 Quaest.

256 3648 323 3704 160
392 3648 407 3699 7
429 3646 495 3701 Gen.
515 3647 558 3711 22,
578 3647 595 3700 3
614 3664 664 3716 sq,
685 3647 717 3700 ci.
737 3647 816 3700 Philo
837 3646 869 3701 de
889 3664 956 3700 sacr.
978 3649 1009 3700 15
1030 3648 1102 3714 (173,
1124 3647 1284 3714 11;1225,
1305 3648 1337 3700 15
1360 3645 1398 3703 Gn

257 3737 292 3790 25
311 3736 394 3790 Exod.
414 3739 438 3800 3,
460 3736 492 3790 18

295 3914 307 3966 l
329 3913 395 3966 deus
414 3912 509 3967 dilexit
526 3913 554 3966 Β
572 3913 687 3968 Monac.
708 3913 791 3965 2549
863 3914 879 3966 6
899 3911 1008 3965 abraam
1026 3912 1064 3965 M
1080 3911 1209 3965 abrabam
1227 3912 1255 3966 A
1276 3914 1304 3977 (b
1323 3932 1343 3969 s.
1363 3921 1399 3982 rr.)

257 4002 395 4072 loptulit
413 4002 565 4057 SAA¹P⁴V
580 4002 683 4055 obtulit
700 4007 747 4055 oet.
841 4001 873 4054 10
893 4001 928 4069 ei]
950 4002 1020 4054 enirn
1039 4001 1077 4054 M
1151 4001 1249 4055 dixerit
1267 4003 1291 4058 S
1308 4007 1336 4069 (a
1353 4021 1374 4058 a.
1392 4006 1414 4056 i.

259 4092 320 4156 alt.)
386 4092 417 4144 ll
438 4091 604 4144 immolaturi
622 4090 686 4142 ΑΜ
706 4097 731 4144 et
748 4094 796 4144 m2
815 4089 870 4144 SP‘
889 4091 1056 4144 immolantis
1074 4089 1145 4143 ΒΜ
1163 4091 1358 4147 immolationis
1381 4093 1404 4144 V

257 4181 412 4234 immolatur
429 4179 492 4232 MP
509 4186 534 4234 et
551 4184 593 4232 ml
611 4179 667 4233 SP‘
737 4180 770 4233 14
789 4179 921 4232 sacrificia
938 4179 966 4232 Β
1038 4180 1189 4232 necessario
1208 4181 1236 4234 P
1305 4183 1338 4236 18
1356 4185 1402 4236 tri-

259 4267 400 4337 ptitumS
418 4270 439 4336 (i
452 4285 498 4336 pr.
518 4271 659 4334 exem2)
715 4267 1400 4341 2231931330]ιναε.)ΑΜ’(1εψ.)εεε.

261 4357 296 4410 23
315 4357 457 4428 splendore
475 4357 553 4410 MM‘
608 4358 642 4412 25
660 4360 734 4411 uiam
752 4373 803 4412 om.
822 4357 858 4410 Μ
