3142 4967
458 498 501 554 oe
518 496 578 552 Noe
597 498 623 562 a,
639 498 723 552 o-o
752 497 777 568 (1
798 500 849 553 229
863 498 977 554 n-ueo
997 496 1037 563 c).
1245 502 1311 569 417

165 698 305 762 declarat
332 694 562 760 deus-dicens:
596 714 670 759 non
699 695 956 777 permanebit
988 695 1167 778 spiritus
1200 704 1313 763 meus

163 804 201 868 in
230 801 481 879 hominibus,
512 800 606 884 quia
634 820 776 866 carnes
805 804 909 865 sunt.
938 800 1071 884 spiritus
1096 804 1225 868 sanctus
1250 802 1314 887 spi·-

163 910 244 975 ritus
258 908 434 991 sapientiae
449 910 509 987 est,
529 907 661 991 spiritus
681 907 883 991 cognitionis,
903 907 999 973 habet
1018 927 1093 993 ergo
1114 909 1314 992 sapientiam,

163 1017 316 1082 habetet
338 1015 550 1099 disciplinam,
579 1014 665 1079 sicut
688 1018 721 1078 et
744 1014 782 1079 de
806 1015 960 1093 Beseleel
985 1015 1039 1096 qui
1064 1034 1188 1081 sacrum
1212 1016 1313 1081 taber-

137 1123 313 1189 snaculum
342 1122 450 1186 diuino
480 1121 608 1185 oraculo
635 1120 746 1185 iussus
775 1123 826 1185 est
852 1122 965 1199 facere,
990 1122 1036 1186 ait
1059 1122 1216 1205 scriptura
1239 1123 1315 1205 quia

163 1231 306 1313 repletus
331 1232 381 1294 est
404 1228 520 1311 spiritu
542 1226 786 1310 prudentiae
812 1231 851 1292 et
874 1227 1135 1311 disciplinae.
1162 1230 1214 1294 hic
1238 1249 1312 1314 ergo

164 1336 297 1420 spiritus
318 1334 411 1400 datur
429 1334 623 1412 hominibus,
643 1334 700 1399 sed
718 1354 779 1399 non
800 1338 974 1418 pormanet.
993 1355 1057 1418 qua
1070 1336 1191 1401 ratione
1206 1340 1313 1401 autern

162 1461 225 1507 non
259 1444 442 1523 permaneat
474 1458 571 1504 causa
596 1439 742 1522 proditur
769 1441 845 1523 quia
872 1458 943 1505 caro
973 1444 1062 1527 sunt3
1097 1442 1198 1507 carnis
1228 1442 1354 1507 enimc

163 1551 276 1613 natura
305 1546 491 1630 disciplinae
518 1553 685 1629 repugnat,
714 1546 789 1628 quia
812 1547 973 1630 uoluptati
996 1551 1202 1631 optemperat.
1228 1548 1313 1614 deni-

124 1680 146 1714 11
164 1674 226 1739 qne
250 1654 289 1718 de
313 1653 381 1719 solo
406 1653 532 1719 domino
556 1654 629 1717 Iesu
655 1653 810 1737 scripturn
835 1657 898 1719 est:
926 1674 1183 1738 superquam
1208 1656 1313 1722 uide·
1383 1642 1386 1648 ¹

163 1763 221 1827 ris
249 1760 445 1844 spiritum
474 1759 785 1825 descendentem
818 1760 861 1825 de
886 1762 999 1825 caelo
1025 1765 1063 1826 et
1086 1766 1312 1827 manentem

164 1887 288 1951 super
316 1887 418 1945 eum,
446 1867 511 1931 hic
536 1867 689 1951 estqui
713 1868 1077 1951 baptizatspiritu
1102 1872 1255 1937 sancto.
1279 1869 1313 1933 in

165 1996 202 2041 eo
226 1976 311 2040 eninr
334 1974 483 2039 manebat
506 1994 600 2056 quem
623 1975 712 2039 nulla
730 1974 927 2058 corruptelae
947 1976 1081 2040 carnalis
1099 1975 1314 2059 inpedimenta

164 2082 367 2159 reuocabant,
391 2081 560 2163 quominus
583 2080 785 2164 incorruptae
810 2086 843 2147 et
864 2082 1071 2164 inpermixtae
1100 2082 1240 2148 ordinem
1268 2082 1314 2147 di-

124 2212 147 2249 n
166 2189 318 2273 scipliuae
339 2190 464 2253 teneret
487 2188 578 2253 cuius
603 2206 674 2253 carc
698 2208 759 2253 non
782 2188 866 2253 uidit
889 2188 1133 2273 corruptionem.

80 2680 109 2745 5¹¹
207 2691 270 2756 Per
292 2712 392 2757 unum
414 2693 514 2777 igitur
536 2692 699 2758 dominum
722 2695 830 2758 Iesum
854 2694 941 2758 salus
965 2697 1101 2759 uentura
1129 2692 1311 2758 nationibus
1330 2701 1384 2756 278

163 2800 353 2877 declaratur,
381 2799 436 2881 qui
462 2800 552 2865 solus
579 2820 640 2867 non
669 2800 777 2883 potuit
803 2800 909 2865 iustus
938 2820 1019 2876 esse,
1049 2820 1121 2865 cnm
1150 2800 1312 2884 generatio

163 2907 267 2971 omnis
301 2909 427 2983 erraret,
459 2906 521 2971 nisi
553 2910 647 2972 natus
681 2926 716 2970 ex
748 2907 873 2990 uirgine
912 2907 1123 2991 generatonis
1161 2906 1312 2975 obnoxiae

160 3013 330 3097 priuilegio
353 3013 484 3078 minime
507 3016 678 3081 teneretur.
705 3032 797 3078 ecce
820 3014 925 3097 inquit
947 3014 984 3078 in
1009 3013 1310 3098 iniquitatibus

118 3120 389 3202 coconccptus
423 3138 524 3195 sum,
559 3122 596 3183 et
626 3118 664 3183 in
699 3119 870 3184 delictis
903 3120 1066 3203 peperit
1098 3128 1158 3185 me
1183 3123 1312 3193 mater

158 3245 245 3290 mea
280 3225 359 3289 dicit
385 3225 413 3289 is
438 3226 493 3308 qui
516 3225 623 3290 iustus
646 3244 721 3307 prae
746 3227 859 3290 ceteris
882 3228 1064 3309 putabatur.
1094 3246 1188 3309 quem
1212 3227 1312 3311 igitur
1343 3239 1348 3289 1

252 3400 264 3453 1
286 3396 353 3453 een.
373 3400 399 3462 e,
418 3400 435 3452 a
452 3397 532 3452 rnen
554 3398 665 3464 cuneo.
684 3399 698 3452 1
717 3399 751 3454 oo
817 3400 936 3455 emor.
956 3402 998 3465 31,
1019 3402 1035 3455 e
1101 3402 1133 3456 ro
1151 3402 1210 3456 Ioh.
1231 3402 1255 3467 1,
1275 3362 1310 3456 aa

159 3490 193 3543 19
211 3488 314 3543 Psalm.
332 3487 355 3542 Ι,
375 3490 389 3541 7

193 3613 212 3665 2
236 3628 330 3665 carues
352 3612 380 3665 P
402 3615 441 3676 (es
466 3625 499 3669 ec
522 3612 545 3665 is
569 3614 626 3677 m2)
652 3628 712 3665 cero
736 3612 766 3665 N
858 3614 875 3667 4
898 3613 1036 3667 beselehel
1059 3614 1094 3667 Γ
1117 3614 1147 3683 (h
1170 3630 1190 3669 s.
1215 3618 1255 3681 rc.)
1281 3614 1312 3669 N

156 3704 173 3757 6
192 3688 248 3771 sps
262 3700 289 3754 Τ
332 3702 349 3755 8
368 3700 433 3769 qnia
450 3699 482 3753 in
499 3716 556 3753 ras.
574 3700 602 3753 B
648 3700 682 3754 14
702 3706 767 3754 ante
786 3701 907 3755 ordinem
927 3701 991 3754 cdd.
1011 3702 1037 3763 πῂ
1058 3702 1093 3768 P,
1111 3702 1185 3769 quod
1200 3718 1309 3756 erasum

187 3797 301 3861 poetro.
320 3792 357 3843 15
374 3791 407 3842 in
432 3788 579 3858 archetypo
597 3788 698 3842 excidit
715 3789 824 3855 folium,
844 3790 923 3843 cuiun
941 3795 1050 3858 partem
1068 3791 1195 3843 amauit
1212 3790 1309 3859 Aaou·

154 3882 248 3937 alicua
271 3879 378 3933 dactus
401 3877 476 3944 locta
499 3883 597 3931 contra
621 3877 693 3931 duas
716 3878 792 3945 epist.
817 3879 912 3948 Pelup.
932 3878 1007 3933 IIII
1022 3883 1061 3940 11,
1081 3882 1121 3933 29
1139 3878 1239 3945 (uerba
1256 3878 1310 3932 Per

154 3986 239 4025 unum
251 4012 256 4022 .
269 4010 276 4022 .
288 4010 294 4023 .
305 3970 427 4033 teneant)
447 3972 473 4020 et
491 3972 589 4021 contra
607 3966 663 4019 Iol.
683 3966 778 4035 Pelap.
798 3966 838 4020 II
849 3970 875 4031 2,
894 3968 1030 4034 lacerem
1046 3970 1152 4033 lotum).
1167 3968 1250 4035 prius
1264 3983 1308 4021 cr·

155 4064 278 4128 coeptum
289 4057 382 4110 littera
391 4056 426 4117 A,
438 4055 556 4109 alterum
566 4055 659 4107 littero
669 4056 704 4107 A‘
718 4055 882 4123 cipnc'ficcto
920 4057 953 4111 16
968 4057 1053 4127 igitur
1067 4074 1118 4112 om.
1134 4057 1169 4111 A*
1208 4057 1239 4109 ll
1254 4072 1308 4108 non

155 4148 226 4202 liber
247 4143 447 4209 Floriacencc‘c,
471 4160 523 4199 orn.
547 4143 626 4197 codd.
650 4144 858 4212 cet.1lelA¹;
880 4146 916 4213 cf.
939 4146 1114 4215 Aupuclincn
1136 4150 1234 4199 eontra
1256 4160 1306 4198 sec,

153 4237 213 4291 Iul.
231 4252 303 4304 resp.
322 4235 344 4288 Ι
362 4238 408 4298 66,
427 4251 481 4304 prro
501 4235 559 4288 loce
578 4234 646 4287 haec
664 4250 698 4287 cc
716 4234 787 4289 libro
806 4235 839 4289 de
856 4235 919 4289 Noe
933 4238 1055 4304 profert:
1080 4233 1213 4305 quomodo
1233 4233 1308 4287 eolus

152 4326 248 4396 potuit
266 4326 355 4379 iustus
375 4341 444 4388 esse,
464 4341 523 4379 curn
543 4324 685 4393 generatio
704 4324 791 4377 omnis
818 4328 928 4387 erraret,
947 4326 999 4379 nisi
1018 4320 1308 4379 natus...tcncretur?

155 4416 189 4469 18
210 4421 315 4468 erraret
329 4431 384 4467 non
398 4413 432 4467 ob
447 4412 523 4467 aliud
537 4414 588 4467 nisi
606 4414 669 4483 qnia
683 4416 762 4466 natus
778 4414 845 4469 locri
858 4414 972 4482 quidam
985 4414 1092 4468 Gallici
1105 4414 1131 4467 A
1145 4411 1310 4479 interpolati

182 4541 279 4581 xxxrr.
295 4540 374 4581 Amor.
389 4551 441 4589 pm
457 4539 547 4589 11111.
563 4542 584 4581 r.
1237 4519 1270 4570 27
