3142 4967
403 453 444 506 De
462 452 588 523 paradiso
608 454 634 517 8,
652 454 696 507 40.
714 455 748 507 41
789 453 812 520 (l
834 454 882 507 161
903 453 1018 509 1)-162
1039 456 1080 521 Ε).
1246 458 1310 521 297

167 668 274 731 sagum
297 648 398 714 futuri
420 649 466 713 ita
488 648 519 712 in
543 649 604 713 hoo
627 668 687 714 non
711 650 830 713 bonum
851 650 945 713 deum
965 649 1142 733 significare
1161 650 1308 715 uidearis.
1335 661 1358 715 B

166 759 256 837 atque
286 756 360 820 hino
390 759 651 840 argumentantur
681 757 756 837 qnia
784 776 846 821 nou
879 761 928 821 est
959 761 1102 820 creatura
1132 756 1269 822 hominis
1295 777 1312 821 a

166 862 220 927 deo
249 862 345 928 faeta.
377 882 449 927 nam
478 864 563 927 siout
589 882 686 945 supra
713 863 913 927 ostendimus
938 882 991 927 eos
1016 863 1119 927 dicere
1148 864 1222 944 quia
1251 883 1311 927 nou

166 974 213 1033 est
232 970 422 1033 mandatum
447 970 509 1047 dei,
533 971 580 1033 sio
604 973 637 1034 et
658 970 710 1034 hio
739 970 863 1034 dieunt:
893 990 952 1035 uon
982 990 1056 1054 ergo
1086 976 1229 1035 ereatura
1257 970 1312 1033 ho-

139 1077 255 1141 sminis
281 1097 298 1140 a
322 1077 392 1154 deo,
423 1078 498 1159 qnia
528 1077 605 1141 deus
635 1077 756 1141 malum
789 1097 850 1141 nou
878 1078 964 1155 seoit,
995 1079 1089 1143 homo
1115 1082 1222 1141 antem
1246 1077 1312 1158 opi-

164 1185 286 1248 nionem
310 1183 435 1266 aceepit
458 1184 544 1261 mali,
574 1184 650 1247 dum
674 1204 692 1247 a
714 1184 809 1247 malis
833 1184 1028 1267 praecipitur
1052 1185 1219 1249 abstinere.
1251 1184 1310 1247 hoo

163 1294 268 1355 sutem
292 1310 405 1374 genere
428 1292 525 1355 ulium
550 1292 668 1355 bonum
691 1291 797 1369 deum,
822 1291 920 1355 alium
949 1295 1144 1374 operatorem
1173 1290 1310 1355 hominis

164 1402 316 1463 sonentur
345 1398 498 1462 adserere.
528 1398 643 1479 quibus
671 1397 924 1479 respondendum
953 1402 1004 1461 est
1031 1398 1105 1462 ilioo
1135 1397 1357 1465 seeundumt'

164 1505 342 1587 opinionem
366 1524 468 1569 suam.
493 1504 622 1569 sienim
646 1505 807 1570 homiuem
831 1506 943 1571 nolunt
962 1524 980 1567 a
999 1505 1056 1569 deo
1080 1505 1212 1581 iactum,
1238 1504 1312 1585 quia

126 1635 147 1673 ro
164 1615 310 1693 peccator
333 1615 383 1675 est
405 1612 512 1679 homo.
536 1616 568 1677 et
591 1613 651 1677 hoo
680 1612 853 1695 refugiunt,
877 1631 915 1675 ne
939 1612 1041 1676 bonus
1066 1612 1144 1676 deus
1168 1614 1311 1694 pensato-

163 1738 228 1781 rem
251 1718 368 1782 feeisse
392 1718 548 1795 uideatur,
572 1718 727 1799 quianon
750 1721 865 1801 putant
888 1718 1005 1782 bonum
1030 1719 1084 1800 qni
1108 1718 1218 1781 feeerit
1240 1736 1310 1798 peo-

163 1830 311 1900 eatorem,
355 1825 462 1890 dicant
497 1829 605 1889 utrum
642 1828 839 1907 operatorem
875 1826 1013 1889 hominis
1046 1846 1063 1888 a
1096 1824 1154 1889 deo
1192 1825 1311 1887 fastum

163 1936 284 2014 putent.
310 1932 337 1995 si
362 1932 445 1996 enim
471 1932 569 1996 adeo
594 1932 699 1997 fastus
723 1932 788 2007 ille,
814 1933 850 1995 ut
874 1932 992 2008 dicunt,
1018 1934 1162 2013 operator
1185 1934 1235 1995 est
1258 1930 1311 1993 ho-

164 2040 269 2115 minis,
303 2038 462 2120 quomodo
494 2038 596 2103 bonus
628 2039 705 2103 deus
737 2041 934 2119 operatorem
964 2038 1040 2102 mali
1069 2038 1167 2102 feeit?
1200 2036 1311 2119 utique

123 2169 145 2207 rs
162 2165 223 2209 non
246 2146 359 2210 bonus.
383 2166 456 2209 nam
474 2145 503 2210 si
522 2147 575 2226 qui
599 2147 798 2226 peccatorem
822 2144 899 2209 feeit
917 2164 977 2209 uon
997 2146 1110 2221 bonus,
1135 2144 1311 2209 cauendum

164 2271 200 2315 ne
223 2252 355 2336 grauius
379 2251 423 2315 sit
446 2253 642 2333 operatorem
665 2251 842 2333 peccatoris
867 2251 996 2327 fecisse;
1022 2251 1133 2316 debuit
1157 2250 1356 2315 animno-1>

163 2378 221 2423 nus
250 2358 329 2423 deus
360 2358 522 2441 prohibere
550 2357 752 2422 natiuitatem
777 2357 845 2422 eius
871 2358 925 2440 qui
948 2359 1075 2439 peon-nti
1099 2357 1310 2421 substantiam

164 2465 294 2529 haberet
315 2463 473 2528 inducero.
499 2464 613 2546 quodsi
637 2463 747 2528 dicunt
770 2483 830 2527 nou
851 2482 920 2528 esse
940 2465 1083 2549 genitum
1104 2468 1318 2546 operatorem,

163 2571 385 2653 requirendum
425 2575 533 2634 utrum
570 2571 673 2635 bonus
711 2571 789 2635 deus
829 2572 969 2653 potnerit
1005 2570 1146 2635 inhibere
1184 2588 1310 2651 quoquo

120 2706 144 2745 so
162 2679 256 2743 modo
280 2678 486 2761 incipientem
509 2678 665 2742 malitiam
689 2698 726 2741 an
750 2697 812 2741 non
837 2678 986 2760 potuerit.
1015 2678 1042 2740 si
1067 2676 1149 2741 euim
1173 2695 1233 2741 non
1257 2696 1310 2757 po-

164 2784 235 2861 tuit,
259 2784 419 2858 infirmnm
445 2785 473 2848 si
497 2785 603 2865 potuit
626 2790 659 2848 et
681 2803 741 2848 uon
764 2783 851 2860 feeit,
876 2802 936 2847 uon
962 2784 1075 2847 bonus.
1100 2803 1173 2867 ergo
1198 2784 1224 2848 si
1250 2784 1311 2848 sibi

163 2889 225 2954 ista
256 2910 318 2954 non
352 2893 531 2974 congruunt
563 2909 619 2953 neo
652 2909 728 2954 suae
761 2890 822 2954 sibi
855 2890 1084 2955 haereticorum
1118 2889 1311 2953 conueniunt

165 2996 338 3078 opiniones,
361 2998 558 3080 requiramus
581 3015 619 3060 ne
635 2996 716 3060 forte
740 2997 872 3061 rarioris
900 2998 997 3061 fuerit
1027 3016 1088 3078 qua
1112 3016 1207 3061 cansa
1231 2996 1308 3060 deus
1333 2997 1357 3051 Ε

12 3127 13 3172 r
165 3104 233 3168 sine
258 3104 359 3187 geniti
383 3104 452 3168 siue
482 3124 544 3169 non
575 3104 675 3187 geniti
703 3105 792 3169 illius
813 3104 995 3186 'operatoris
1020 3104 1133 3169 sinerit
1155 3103 1310 3167 malitiam

79 3207 150 3277 4125
166 3210 293 3275 introire
310 3211 342 3274 in
367 3211 452 3275 hune
481 3210 647 3287 muudum,
679 3230 750 3274 enm
781 3213 893 3292 posset
925 3211 1076 3275 inhibere.
1110 3211 1216 3293 itaque
1250 3229 1311 3274 ser-

12 3307 13 3324 *
165 3320 276 3380 nantes
306 3337 404 3381 unum
438 3320 470 3382 et
504 3318 639 3381 eundem
671 3317 765 3381 deum
797 3317 915 3381 bouum
939 3321 1034 3400 atque
1059 3321 1253 3400 operatorem
1278 3316 1311 3380 id

165 3423 191 3487 si
213 3442 386 3505 possumus
415 3424 617 3488 adstruamus
647 3424 733 3506 quod
761 3424 882 3507 gratiae
911 3425 1036 3504 utrique
1061 3425 1230 3489 conueniat
1252 3442 1311 3485 noe

200 3649 386 3717 lhuno(om.
406 3650 528 3717 inrarfl
601 3636 666 3703 «iffi
685 3650 770 3705 SBP‘
850 3652 882 3704 15
901 3650 924 3702 si
943 3648 974 3700 N
992 3650 1048 3717 (qui
1068 3665 1119 3703 oar.
1138 3648 1194 3718 M),
1214 3664 1266 3701 om.
1287 3644 1310 3697 11
1415 3704 1422 3715 ,

198 3738 265 3791 fecit
286 3736 342 3790 CP‘
361 3738 428 3791 facit
441 3738 468 3791 R
488 3742 519 3801 (a
537 3756 570 3792 ex
588 3742 613 3807 o)
633 3745 680 3792 oet.
721 3741 752 3792 16
771 3744 940 3807 peecatorem
961 3739 1111 3807 operatoris
1126 3738 1152 3791 R
1215 3753 1310 3806 peron-

163 3832 236 3879 tores
254 3825 340 3879 APV
356 3830 527 3895 peecatorem
545 3826 587 3889 Μ,
608 3844 659 3880 om.
682 3828 705 3879 0
722 3827 836 3895 (inquo
856 3830 1005 3895 operatore,
1026 3832 1039 3879 e
1059 3843 1092 3879 ers
1110 3826 1145 3892 is)
1210 3824 1243 3878 18
1262 3824 1310 3877 ha-

163 3913 246 3968 bebat
264 3916 298 3967 N
367 3918 536 3983 operatorem
550 3915 646 3967 (maii)
660 3915 797 3967 Costerr'us
858 3916 889 3967 lo
908 3914 999 3984 potnit
1017 3912 1079 3967 HM
1138 3914 1171 3967 20
1191 3912 1312 3981 potnerit

163 4004 272 4056 ornnino
291 4002 319 4054 B
367 4003 400 4056 21
412 4003 436 4055 si
447 4002 515 4071 (pr.)
526 4004 597 4055 enim
607 4002 723 4057 RSBV‘
738 4004 760 4055 si
774 4019 839 4055 uero
855 4019 929 4071 puero
946 4008 992 4055 md
1006 4019 1038 4056 eu
1053 4003 1134 4063 enirn)
1144 4002 1177 4055 P‘
1229 4002 1263 4053 24
1274 4001 1310 4053 si.-

163 4092 233 4145 nerit
246 4092 385 4145 Costerius
399 4091 439 4143 sie
457 4091 526 4143 uelit
540 4090 646 4145 SBCO
666 4097 691 4145 et
710 4092 730 4152 (i
746 4092 795 4145 ott.
816 4108 849 4145 ex
868 4096 895 4147 nt
912 4092 945 4144 1²¹
965 4092 988 4143 si
1008 4092 1076 4145 uelit
1095 4098 1141 4145 cet.
1197 4090 1311 4143 introire

162 4179 295 4233 malitiam
314 4177 348 4231 N
452 4180 486 4232 25
505 4183 597 4247 posset
620 4180 718 4246 sompni
740 4179 827 4249 possit
852 4179 917 4233 libr-i
1007 4180 1040 4233 26
1064 4180 1164 4232 bouum
1186 4178 1264 4231 deum
1285 4178 1313 4232 R

198 4256 262 4323 duur
281 4268 310 4321 B
328 4274 353 4322 ct
372 4268 434 4336 (om.
454 4268 564 4334 bonnm)
586 4268 618 4321 P‘
683 4269 716 4321 27
736 4268 759 4321 si
780 4272 811 4334 (s.
832 4274 869 4333 u.)
892 4285 1033 4336 possumus
1053 4270 1097 4337 (ee
1116 4270 1264 4338 posuimus)
1285 4270 1312 4321 A

196 4374 247 4411 ueo
266 4373 322 4409 uon
339 4354 409 4409 MP*
