3142 4967
385 512 427 566 Dc
446 511 506 567 Noc
525 512 568 566 26.
588 512 630 575 27,
649 512 774 566 98-102
812 510 836 579 (Ι
855 510 907 566 268
928 510 1038 566 0-269
1057 511 1102 577 D).
1253 514 1319 578 483

170 712 209 772 ut
231 708 369 791 primum
398 706 601 771 excludamus
629 707 891 790 philosophomm
920 705 1116 788 quorundam
1147 703 1318 786 opiniones,
1347 707 1368 761 F

171 816 227 898 qui
248 818 365 898 negant
388 813 483 878 deum
502 832 610 878 curam
629 814 744 879 habere
763 832 859 896 super
877 814 1031 890 hominos,
1052 810 1163 875 deiude
1183 811 1319 875 scientos

170 921 426 1006 praerogatiuam
454 925 580 985 nostras
607 921 741 986 ultionis
769 920 854 1003 apud
883 920 976 985 doum
1005 938 1130 983 manere
1158 936 1259 999 nsqus
1286 918 1317 981 iu

170 1028 251 1094 alios
275 1028 512 1093 committamus
536 1030 621 1111 quod
646 1030 753 1095 diuino
773 1028 892 1094 iudicio
911 1026 1138 1092 uindicandum
1157 1026 1200 1091 sit
1217 1044 1318 1108 neque

8 1193 9 1208 ,
138 1155 152 1192 ⁵
170 1133 234 1218 ipsi
256 1138 393 1199 mortem
415 1136 637 1201 uehementius
660 1135 935 1219 pertimescamus,
960 1154 1033 1199 cum
1057 1133 1195 1198 sciamus
1215 1132 1319 1197 necati

8 1253 9 1302 u
168 1241 306 1306 hominis
329 1242 506 1307 innocentis
530 1244 615 1326 apud
637 1242 732 1307 deum
756 1243 880 1307 nullum
905 1261 975 1307 asse
1000 1243 1228 1324 contemptum.

7 1306 122 1423 Nthl
214 1348 299 1413 Non
331 1348 411 1413 orit
442 1349 547 1430 inquit
579 1349 795 1425 diluuium,
828 1352 873 1413 ut
903 1352 1137 1429 corrumpat
1167 1355 1418 1413 omnsm269A

170 1459 329 1521 terram.
354 1457 487 1521 dubium
511 1456 639 1522 uidetur
661 1459 769 1521 utrum
794 1456 878 1521 enim
901 1475 974 1520 non
1004 1456 1083 1519 erit
1113 1452 1317 1518 diluuium
1345 1464 1368 1517 Β

168 1562 420 1647 intellegendum
451 1563 494 1627 sit
521 1563 616 1645 ‘qnod
644 1562 804 1627 diluuium
832 1564 1013 1644 corrumpat
1039 1564 1167 1625 temam’
1191 1596 1234 1607 -
1258 1560 1317 1624 hoc

125 1690 151 1729 ιο
170 1669 253 1734 anim
277 1669 401 1735 diluuia
422 1669 525 1735 facere
549 1673 743 1735 consuerunt
760 1707 804 1717 —
824 1688 861 1733 an
882 1688 957 1733 uero
976 1670 1046 1733 ‘non
1068 1668 1128 1732 cn't
1150 1667 1213 1731 tale
1238 1666 1318 1730 dilu-

169 1777 270 1855 uium,
294 1796 356 1859 quo
379 1780 463 1842 tarra
481 1777 582 1841 omnis
603 1778 842 1859 cormmpatur’.
866 1776 950 1859 quod
968 1775 1145 1858 posteriora
1163 1773 1317 1855 aperiunt,

170 1902 242 1948 cum
271 1883 349 1948 dicit
376 1902 501 1948 omnem
529 1885 645 1949 terram
673 1903 734 1949 non
767 1883 1044 1965 corrumpendam
1070 1880 1210 1946 ostendit
1234 1880 1317 1945 caim

169 1989 293 2055 diluuia
314 1989 443 2073 quidam
468 2010 538 2055 csso
560 1990 680 2068 futura,
705 1990 840 2055 sednon
860 1990 938 2054 talia
957 1989 1073 2071 quibus
1094 1987 1196 2051 omnis
1214 1987 1318 2069 possit

44 2088 102 2154 102
168 2100 252 2161 terra
275 2097 442 2178 corrumpi.
467 2116 581 2161 sensus
605 2100 713 2161 autem
735 2098 797 2162 hoc
820 2097 915 2161 altior
937 2095 1042 2174 habet,
1063 2094 1229 2177 quodiam
1247 2112 1317 2175 prc-

125 2224 151 2264 15
168 2204 311 2269 nitentia
327 2203 436 2268 futura
454 2205 497 2268 sit
516 2204 644 2281 domini,
663 2223 703 2268 no
721 2207 848 2268 tantum
867 2202 910 2268 sit
929 2203 1086 2267 diluuium
1107 2200 1316 2283 corporalium
1345 2202 1366 2257 c

167 2310 363 2393 passionum,
390 2315 428 2375 ut
456 2310 561 2375 animo
589 2310 690 2376 omnis
718 2311 862 2375 intereat.
897 2314 929 2374 at
961 2308 1088 2391 quidem
1121 2327 1183 2372 non
1217 2306 1317 2372 audeo

169 2417 271 2481 dicore
309 2418 383 2501 quia
420 2417 549 2481 uidetur
585 2417 731 2482 dominus
769 2420 909 2482 statuero
943 2416 1028 2498 quod
1060 2415 1180 2479 nullius
1213 2413 1317 2477 anima

167 2524 271 2606 possit
293 2524 420 2607 ponitus
442 2524 580 2589 interire.
612 2524 689 2605 quid
713 2524 797 2589 onim
820 2524 858 2589 dc
880 2523 1036 2607 parricida
1060 2522 1216 2585 dicimus?
1240 2518 1315 2601 quid

168 2629 263 2695 stiam
287 2630 326 2695 ds
348 2631 517 2707 homicida,
542 2631 618 2715 quid
643 2631 681 2696 ds
705 2632 858 2711 adultero,
883 2630 958 2715 quid
983 2630 1020 2693 da
1044 2624 1316 2711 praeuaricatore?

122 2762 150 2802 ao
168 2755 247 2818 quas
276 2736 306 2801 si
331 2740 438 2820 partes
467 2738 589 2803 animas
618 2738 657 2802 ad
684 2738 812 2802 ueniam
844 2739 1065 2802 nasamamus?
1097 2734 1179 2797 undo
1213 2732 1316 2817 magis

166 2841 247 2907 illud
275 2844 409 2910 arbitror
432 2844 518 2928 quod
540 2847 694 2927 prouocat
716 2844 864 2910 dominus
889 2844 966 2908 deus
990 2845 1106 2917 nostor,
1131 2843 1168 2905 ut
1191 2839 1317 2904 etiamsi

167 2949 239 3033 quis
271 2950 408 3017 leuiores
442 2952 520 3015 alias
553 2952 670 3015 habeat
701 2952 877 3035 passiones,
911 2969 973 3015 non
1010 2950 1138 3031 penitus
1176 2946 1315 3011 diuinam
1344 2949 1368 3003 D

166 3056 312 3139 desporat
334 3058 469 3142 gratiam
494 3077 550 3122 noc
571 3058 761 3123 omnimodis
780 3059 943 3123 uicturum
963 3076 996 3121 sa
1017 3074 1087 3120 esso
1107 3053 1240 3131 diitidat,
1261 3052 1317 3117 sed

166 3164 292 3229 etiamsi
328 3167 379 3229 ost
408 3165 591 3229 luxuriosus
623 3185 681 3230 noc
714 3168 822 3248 potest
854 3164 997 3230 studium
1030 3162 1132 3227 uitare
1163 3160 1315 3236 luxuriae,

121 3297 146 3338 ss
167 3270 204 3335 ab
229 3270 385 3335 adulterio
409 3274 515 3336 tamon
540 3271 669 3336 studeat
691 3275 877 3354 temperare,
903 3271 945 3335 sit
968 3270 1116 3353 epulandi
1136 3267 1315 3344 delectatio,

163 3399 226 3444 non
254 3378 421 3461 stuprandi
448 3379 500 3445 sit.
535 3382 584 3444 sat
612 3380 739 3445 etiamsi
766 3380 873 3445 nascio
902 3378 958 3462 qui
986 3396 1111 3455 auarus,
1137 3376 1191 3460 qui
1215 3378 1316 3441 aliona

165 3486 307 3570 diripuit,
337 3484 431 3550 eiecit
457 3487 609 3571 pupillos,
639 3486 819 3552 climinanit
845 3486 970 3564 uiduas,
999 3485 1052 3549 uel
1075 3486 1187 3565 postca
1210 3486 1316 3547 tamon

162 3595 195 3659 in
231 3593 458 3678 paonitentiam
495 3614 659 3679 regressus
696 3596 847 3660 restituat
879 3593 963 3677 quod
998 3591 1142 3656 abstulit.
1180 3589 1316 3671 donique

253 3770 269 3822 7
290 3768 357 3823 Gen.
377 3770 402 3835 9,
423 3770 455 3824 11
475 3769 556 3823 Philo
576 3768 689 3836 Quaest.
709 3770 792 3825 1163

198 3893 340 3947 dmanera
359 3893 388 3947 P
405 3898 432 3959 (a
451 3910 484 3947 aa
502 3911 515 3947 e
534 3896 592 3961 m2)
648 3894 852 3949 dcontemtum
870 3894 897 3947 P
950 3892 1058 3947 donini
1078 3891 1130 3947 dcl.
1152 3888 1184 3943 T‘
1245 3886 1315 3942 dilu-

162 3980 237 4035 ninm
255 3999 310 4036 non
329 3983 381 4037 erit
398 3982 462 4037 DN
548 3984 680 4037 datatim
699 3982 831 4038 diluuium
851 3983 924 4053 quod
1017 3982 1050 4036 10
1070 3982 1269 4035 consueuerant
1287 3978 1316 4031 N

164 4070 195 4125 11
216 4071 289 4141 quod
306 4074 380 4126 terra
397 4072 429 4127 N
519 4073 592 4142 quod
614 4088 666 4127 om.
685 4072 720 4125 N
806 4074 839 4127 13
864 4089 922 4127 essa
942 4089 992 4127 om.
1016 4068 1139 4124 T‘BOM
1228 4068 1316 4138 possit

162 4160 248 4213 omnis
262 4160 300 4213 Μ
339 4162 372 4215 19
392 4162 459 4231 quid
478 4161 511 4215 ds
530 4162 654 4216 adultero
675 4164 836 4231 transponit
855 4168 920 4216 ante
938 4160 1004 4231 quid
1024 4162 1106 4214 etiam
1120 4158 1153 4213 N
1195 4158 1227 4212 21
1244 4144 1314 4211 N:

160 4253 254 4303 noster
272 4250 300 4303 P
316 4266 370 4303 non
392 4249 425 4305 T‘
444 4256 528 4320 (exp.)
547 4251 607 4316 ΒΟ,
628 4268 678 4305 om.
699 4257 746 4305 cet.
802 4252 838 4305 22
857 4268 912 4305 non
930 4268 981 4305 om.
996 4250 1056 4303 DN
1128 4248 1248 4302 diuinam
1267 4263 1315 4316 pc-

161 4338 236 4391 nitus
251 4337 284 4391 N
333 4339 368 4391 25
388 4336 499 4393 dilectio
515 4341 543 4392 B
594 4340 629 4393 26
647 4340 693 4393 sit.
713 4343 756 4394 set
773 4340 873 4408 scripsi
890 4338 972 4392 sitm
986 4338 1014 4391 P
1031 4338 1068 4391 sit
1087 4341 1134 4391 oct.
1208 4335 1255 4404 qui
1268 4351 1314 4405 pr,

164 4425 245 4480 PBG
262 4426 323 4497 quis
346 4427 378 4481 T‘
396 4433 444 4482 eet.
500 4430 533 4482 27
553 4428 671 4498 pupillos
690 4429 718 4483 P
737 4432 764 4498 (o
785 4444 818 4483 ea
836 4432 863 4493 u)
919 4427 953 4481 28
974 4427 1090 4497 donique
1110 4441 1161 4480 orn.
1181 4424 1208 4479 B

1229 4531 1280 4586 31*
