<?xml version="1.0" encoding="UTF-8"?>
<!DOCTYPE html PUBLIC "-//W3C//DTD XHTML 1.0 Transitional//EN"
    "http://www.w3.org/TR/xhtml1/DTD/xhtml1-transitional.dtd">
<html xmlns="http://www.w3.org/1999/xhtml" xml:lang="en" lang="en">
 <head>
  <title>
</title>
<meta http-equiv="Content-Type" content="text/html;charset=utf-8" />
  <meta name='ocr-system' content='tesseract 3.04.00' />
  <meta name='ocr-capabilities' content='ocr_page ocr_carea ocr_par ocr_line ocrx_word'/>
</head>
<body>
  <div class='ocr_page' id='page_1' title='image "./corpusscriptoru00wissgoog_0409.png"; bbox 0 0 3142 4967; ppageno 0'>
   <div class='ocr_carea' id='block_1_1' title="bbox 323 485 1308 558">
    <p class='ocr_par' dir='ltr' id='par_1_1' title="bbox 323 485 1308 558">
     <span class='ocr_line' id='line_1_1' title="bbox 323 485 1308 558; baseline -0.001 -16"><span class='ocrx_word' id='word_1_1' title='bbox 323 490 365 543; x_wconf 89' lang='lat' dir='ltr'>De</span> <span class='ocrx_word' id='word_1_2' title='bbox 386 487 453 544; x_wconf 84' lang='lat' dir='ltr'>Cain</span> <span class='ocrx_word' id='word_1_3' title='bbox 472 492 501 542; x_wconf 88' lang='lat' dir='ltr'>et</span> <span class='ocrx_word' id='word_1_4' title='bbox 518 489 588 542; x_wconf 80' lang='lat' dir='ltr'>Abel</span> <span class='ocrx_word' id='word_1_5' title='bbox 607 488 634 540; x_wconf 94' lang='lat' dir='ltr'>Il</span> <span class='ocrx_word' id='word_1_6' title='bbox 654 488 678 541; x_wconf 95' lang='grc'>8.</span> <span class='ocrx_word' id='word_1_7' title='bbox 698 488 723 551; x_wconf 87' lang='lat'>9,</span> <span class='ocrx_word' id='word_1_8' title='bbox 744 487 786 540; x_wconf 78' lang='grc'>26.</span> <span class='ocrx_word' id='word_1_9' title='bbox 806 488 841 540; x_wconf 84' lang='grc'>27</span> <span class='ocrx_word' id='word_1_10' title='bbox 861 487 957 558; x_wconf 83' lang='lat'>(1218</span> <span class='ocrx_word' id='word_1_11' title='bbox 978 487 1089 542; x_wconf 80' lang='lat' dir='ltr'>A-219</span> <span class='ocrx_word' id='word_1_12' title='bbox 1109 485 1152 552; x_wconf 86' lang='lat' dir='ltr'>B).</span> <span class='ocrx_word' id='word_1_13' title='bbox 1245 491 1308 554; x_wconf 84' lang='grc'>401</span> 
     </span>
    </p>
   </div>
   <div class='ocr_carea' id='block_1_2' title="bbox 46 682 1408 3440">
    <p class='ocr_par' dir='ltr' id='par_1_2' title="bbox 161 682 1359 1089">
     <span class='ocr_line' id='line_1_2' title="bbox 163 682 1311 766; baseline -0.004 -16"><span class='ocrx_word' id='word_1_14' title='bbox 163 687 296 761; x_wconf 80' lang='lat' dir='ltr'>siccum,</span> <span class='ocrx_word' id='word_1_15' title='bbox 323 682 449 747; x_wconf 84' lang='lat' dir='ltr'>Amnon</span> <span class='ocrx_word' id='word_1_16' title='bbox 476 683 559 746; x_wconf 87' lang='lat' dir='ltr'>intra</span> <span class='ocrx_word' id='word_1_17' title='bbox 588 682 717 747; x_wconf 91' lang='lat' dir='ltr'>domum</span> <span class='ocrx_word' id='word_1_18' title='bbox 742 682 907 747; x_wconf 89' lang='lat' dir='ltr'>occiditur.</span> <span class='ocrx_word' id='word_1_19' title='bbox 931 683 1054 746; x_wconf 91' lang='lat' dir='ltr'>iustum</span> <span class='ocrx_word' id='word_1_20' title='bbox 1078 682 1178 766; x_wconf 87' lang='lat' dir='ltr'>igitur</span> <span class='ocrx_word' id='word_1_21' title='bbox 1200 683 1311 746; x_wconf 83' lang='lat' dir='ltr'>natrnra</span> 
     </span>
     <span class='ocr_line' id='line_1_3' title="bbox 163 788 1311 876; baseline -0.005 -18"><span class='ocrx_word' id='word_1_22' title='bbox 163 798 212 858; x_wconf 88' lang='lat' dir='ltr'>est</span> <span class='ocrx_word' id='word_1_23' title='bbox 238 791 388 876; x_wconf 84' lang='lat' dir='ltr'>inpertita</span> <span class='ocrx_word' id='word_1_24' title='bbox 414 790 570 854; x_wconf 88' lang='lat' dir='ltr'>iudicium</span> <span class='ocrx_word' id='word_1_25' title='bbox 599 809 636 854; x_wconf 87' lang='lat' dir='ltr'>ea</span> <span class='ocrx_word' id='word_1_26' title='bbox 658 789 739 869; x_wconf 82' lang='lat' dir='ltr'>loca,</span> <span class='ocrx_word' id='word_1_27' title='bbox 762 789 794 853; x_wconf 94' lang='lat' dir='ltr'>in</span> <span class='ocrx_word' id='word_1_28' title='bbox 820 789 936 872; x_wconf 90' lang='lat' dir='ltr'>quibus</span> <span class='ocrx_word' id='word_1_29' title='bbox 960 791 1027 854; x_wconf 90' lang='lat' dir='ltr'>erat</span> <span class='ocrx_word' id='word_1_30' title='bbox 1049 788 1192 853; x_wconf 78' lang='lat' dir='ltr'>futurum</span> <span class='ocrx_word' id='word_1_31' title='bbox 1215 789 1311 871; x_wconf 86' lang='lat' dir='ltr'>parri·</span> 
     </span>
     <span class='ocr_line' id='line_1_4' title="bbox 163 895 1310 980; baseline -0.006 -15"><span class='ocrx_word' id='word_1_32' title='bbox 163 900 292 976; x_wconf 78' lang='lat' dir='ltr'>sidium,</span> <span class='ocrx_word' id='word_1_33' title='bbox 329 897 470 961; x_wconf 91' lang='lat' dir='ltr'>muneris</span> <span class='ocrx_word' id='word_1_34' title='bbox 508 898 558 961; x_wconf 91' lang='lat' dir='ltr'>sui</span> <span class='ocrx_word' id='word_1_35' title='bbox 598 898 671 962; x_wconf 90' lang='lat' dir='ltr'>dote</span> <span class='ocrx_word' id='word_1_36' title='bbox 708 897 873 980; x_wconf 74' lang='lat' dir='ltr'>planando,</span> <span class='ocrx_word' id='word_1_37' title='bbox 899 899 935 960; x_wconf 91' lang='lat' dir='ltr'>ut</span> <span class='ocrx_word' id='word_1_38' title='bbox 972 916 1008 960; x_wconf 85' lang='lat' dir='ltr'>ex</span> <span class='ocrx_word' id='word_1_39' title='bbox 1039 896 1216 961; x_wconf 87' lang='lat' dir='ltr'>innocentis</span> <span class='ocrx_word' id='word_1_40' title='bbox 1250 895 1310 960; x_wconf 90' lang='lat' dir='ltr'>soli</span> 
     </span>
     <span class='ocr_line' id='line_1_5' title="bbox 161 1002 1359 1089; baseline -0.003 -19"><span class='ocrx_word' id='word_1_41' title='bbox 161 1007 297 1089; x_wconf 88' lang='lat' dir='ltr'>quadam</span> <span class='ocrx_word' id='word_1_42' title='bbox 323 1003 522 1069; x_wconf 81' lang='lat' dir='ltr'>damnatione</span> <span class='ocrx_word' id='word_1_43' title='bbox 547 1004 726 1068; x_wconf 81' lang='lat' dir='ltr'>ostenderet</span> <span class='ocrx_word' id='word_1_44' title='bbox 753 1007 870 1086; x_wconf 86' lang='lat' dir='ltr'>quanta</span> <span class='ocrx_word' id='word_1_45' title='bbox 902 1007 1008 1068; x_wconf 88' lang='lat' dir='ltr'>essent</span> <span class='ocrx_word' id='word_1_46' title='bbox 1027 1003 1135 1068; x_wconf 85' lang='lat' dir='ltr'>futura</span> <span class='ocrx_word' id='word_1_47' title='bbox 1154 1002 1311 1086; x_wconf 89' lang='lat' dir='ltr'>supplicia</span> <span class='ocrx_word' id='word_1_48' title='bbox 1338 1014 1359 1067; x_wconf 80' lang='grc' dir='ltr'>Ε</span> 
     </span>
    </p>

    <p class='ocr_par' dir='ltr' id='par_1_3' title="bbox 132 1109 1311 1621">
     <span class='ocr_line' id='line_1_6' title="bbox 132 1109 1310 1195; baseline -0.003 -19"><span class='ocrx_word' id='word_1_49' title='bbox 132 1113 337 1178; x_wconf 79' lang='lat' dir='ltr'>auoxiornm.</span> <span class='ocrx_word' id='word_1_50' title='bbox 374 1115 502 1195; x_wconf 91' lang='lat' dir='ltr'>propter</span> <span class='ocrx_word' id='word_1_51' title='bbox 535 1111 640 1176; x_wconf 84' lang='lat' dir='ltr'>scelus</span> <span class='ocrx_word' id='word_1_52' title='bbox 673 1111 773 1194; x_wconf 85' lang='lat' dir='ltr'>igitur</span> <span class='ocrx_word' id='word_1_53' title='bbox 804 1111 969 1176; x_wconf 88' lang='lat' dir='ltr'>hominum</span> <span class='ocrx_word' id='word_1_54' title='bbox 998 1113 1029 1175; x_wconf 92' lang='lat' dir='ltr'>et</span> <span class='ocrx_word' id='word_1_55' title='bbox 1056 1110 1127 1192; x_wconf 88' lang='lat' dir='ltr'>ipsa</span> <span class='ocrx_word' id='word_1_56' title='bbox 1154 1109 1310 1173; x_wconf 85' lang='lat' dir='ltr'>elementa</span> 
     </span>
     <span class='ocr_line' id='line_1_7' title="bbox 162 1217 1310 1300; baseline -0.003 -17"><span class='ocrx_word' id='word_1_57' title='bbox 162 1220 360 1284; x_wconf 80' lang='lat' dir='ltr'>damnantur.</span> <span class='ocrx_word' id='word_1_58' title='bbox 392 1218 527 1300; x_wconf 90' lang='lat' dir='ltr'>denique</span> <span class='ocrx_word' id='word_1_59' title='bbox 555 1218 661 1282; x_wconf 84' lang='lat' dir='ltr'>Dauid</span> <span class='ocrx_word' id='word_1_60' title='bbox 688 1217 863 1296; x_wconf 66' lang='lat' dir='ltr'>montibus</span> <span class='ocrx_word' id='word_1_61' title='bbox 886 1217 918 1281; x_wconf 88' lang='lat' dir='ltr'>in</span> <span class='ocrx_word' id='word_1_62' title='bbox 942 1217 1058 1299; x_wconf 90' lang='lat' dir='ltr'>quibus</span> <span class='ocrx_word' id='word_1_63' title='bbox 1081 1217 1213 1282; x_wconf 87' lang='lat' dir='ltr'>Iouatlra</span> <span class='ocrx_word' id='word_1_64' title='bbox 1237 1235 1310 1280; x_wconf 87' lang='lat' dir='ltr'>cunr</span> 
     </span>
     <span class='ocr_line' id='line_1_8' title="bbox 160 1323 1311 1409; baseline -0.005 -17"><span class='ocrx_word' id='word_1_65' title='bbox 160 1330 249 1409; x_wconf 86' lang='lat' dir='ltr'>patre</span> <span class='ocrx_word' id='word_1_66' title='bbox 277 1327 488 1409; x_wconf 89' lang='lat' dir='ltr'>interemptus</span> <span class='ocrx_word' id='word_1_67' title='bbox 517 1329 576 1400; x_wconf 82' lang='lat' dir='ltr'>est,</span> <span class='ocrx_word' id='word_1_68' title='bbox 605 1328 776 1409; x_wconf 85' lang='lat' dir='ltr'>perpetuae</span> <span class='ocrx_word' id='word_1_69' title='bbox 809 1343 942 1405; x_wconf 86' lang='lat' dir='ltr'>poenam</span> <span class='ocrx_word' id='word_1_70' title='bbox 976 1323 1154 1388; x_wconf 82' lang='lat' dir='ltr'>sterilitatis</span> <span class='ocrx_word' id='word_1_71' title='bbox 1186 1323 1311 1405; x_wconf 89' lang='lat' dir='ltr'>optauit</span> 
     </span>
     <span class='ocr_line' id='line_1_9' title="bbox 161 1429 1309 1512; baseline -0.004 -15"><span class='ocrx_word' id='word_1_72' title='bbox 161 1433 285 1497; x_wconf 87' lang='lat' dir='ltr'>diceus:</span> <span class='ocrx_word' id='word_1_73' title='bbox 318 1434 465 1496; x_wconf 90' lang='lat' dir='ltr'>montes</span> <span class='ocrx_word' id='word_1_74' title='bbox 494 1430 556 1512; x_wconf 89' lang='lat' dir='ltr'>qui</span> <span class='ocrx_word' id='word_1_75' title='bbox 586 1431 681 1494; x_wconf 89' lang='lat' dir='ltr'>estis</span> <span class='ocrx_word' id='word_1_76' title='bbox 709 1429 746 1494; x_wconf 93' lang='lat' dir='ltr'>in</span> <span class='ocrx_word' id='word_1_77' title='bbox 776 1429 934 1508; x_wconf 80' lang='lat' dir='ltr'>Gelbue,</span> <span class='ocrx_word' id='word_1_78' title='bbox 965 1449 1082 1512; x_wconf 90' lang='lat' dir='ltr'>neque</span> <span class='ocrx_word' id='word_1_79' title='bbox 1106 1447 1166 1494; x_wconf 91' lang='lat' dir='ltr'>ros</span> <span class='ocrx_word' id='word_1_80' title='bbox 1191 1447 1309 1511; x_wconf 91' lang='lat' dir='ltr'>neque</span> 
     </span>
     <span class='ocr_line' id='line_1_10' title="bbox 161 1538 1016 1621; baseline -0.004 -18"><span class='ocrx_word' id='word_1_81' title='bbox 161 1539 295 1621; x_wconf 87' lang='lat' dir='ltr'>pluuia</span> <span class='ocrx_word' id='word_1_82' title='bbox 319 1538 427 1602; x_wconf 86' lang='lat' dir='ltr'>cadat</span> <span class='ocrx_word' id='word_1_83' title='bbox 451 1556 671 1620; x_wconf 82' lang='lat' dir='ltr'>supernos,</span> <span class='ocrx_word' id='word_1_84' title='bbox 696 1540 842 1601; x_wconf 90' lang='lat' dir='ltr'>montes</span> <span class='ocrx_word' id='word_1_85' title='bbox 867 1538 1016 1600; x_wconf 91' lang='lat' dir='ltr'>mortis!</span> 
     </span>
    </p>

    <p class='ocr_par' dir='ltr' id='par_1_4' title="bbox 46 1641 1408 2156">
     <span class='ocr_line' id='line_1_11' title="bbox 46 1641 1358 1728; baseline -0.002 -17"><span class='ocrx_word' id='word_1_86' title='bbox 46 1649 70 1728; x_wconf 79' lang='lat'>9,</span> <span class='ocrx_word' id='word_1_87' title='bbox 80 1649 147 1713; x_wconf 73' lang='lat'>2710</span> <span class='ocrx_word' id='word_1_88' title='bbox 205 1647 299 1711; x_wconf 90' lang='lat' dir='ltr'>Nunc</span> <span class='ocrx_word' id='word_1_89' title='bbox 323 1645 559 1711; x_wconf 89' lang='lat' dir='ltr'>consideremus</span> <span class='ocrx_word' id='word_1_90' title='bbox 583 1664 646 1726; x_wconf 88' lang='lat' dir='ltr'>qua</span> <span class='ocrx_word' id='word_1_91' title='bbox 668 1644 790 1710; x_wconf 85' lang='lat' dir='ltr'>ratione</span> <span class='ocrx_word' id='word_1_92' title='bbox 817 1645 1027 1728; x_wconf 89' lang='lat' dir='ltr'>interrogauit</span> <span class='ocrx_word' id='word_1_93' title='bbox 1051 1645 1129 1709; x_wconf 91' lang='lat' dir='ltr'>deus</span> <span class='ocrx_word' id='word_1_94' title='bbox 1154 1643 1229 1708; x_wconf 83' lang='lat' dir='ltr'>Caio</span> <span class='ocrx_word' id='word_1_95' title='bbox 1254 1641 1309 1706; x_wconf 94' lang='lat' dir='ltr'>ubi</span> <span class='ocrx_word' id='word_1_96' title='bbox 1337 1655 1358 1708; x_wconf 81' lang='lat' dir='ltr'><strong>F</strong></span> 
     </span>
     <span class='ocr_line' id='line_1_12' title="bbox 161 1749 1309 1835; baseline -0.005 -17"><span class='ocrx_word' id='word_1_97' title='bbox 161 1757 248 1818; x_wconf 88' lang='lat' dir='ltr'>esset</span> <span class='ocrx_word' id='word_1_98' title='bbox 270 1753 368 1818; x_wconf 88' lang='lat' dir='ltr'>frater</span> <span class='ocrx_word' id='word_1_99' title='bbox 391 1772 480 1830; x_wconf 84' lang='lat' dir='ltr'>suus,</span> <span class='ocrx_word' id='word_1_100' title='bbox 505 1752 597 1835; x_wconf 89' lang='lat' dir='ltr'>quasi</span> <span class='ocrx_word' id='word_1_101' title='bbox 621 1752 759 1816; x_wconf 88' lang='lat' dir='ltr'>nesciret</span> <span class='ocrx_word' id='word_1_102' title='bbox 781 1752 934 1817; x_wconf 87' lang='lat' dir='ltr'>occisum.</span> <span class='ocrx_word' id='word_1_103' title='bbox 960 1750 1015 1815; x_wconf 90' lang='lat' dir='ltr'>sed</span> <span class='ocrx_word' id='word_1_104' title='bbox 1039 1751 1123 1835; x_wconf 92' lang='lat' dir='ltr'>quod</span> <span class='ocrx_word' id='word_1_105' title='bbox 1147 1749 1185 1814; x_wconf 91' lang='lat' dir='ltr'>ad</span> <span class='ocrx_word' id='word_1_106' title='bbox 1209 1749 1309 1814; x_wconf 90' lang='lat' dir='ltr'>soien-</span> 
     </span>
     <span class='ocr_line' id='line_1_13' title="bbox 160 1855 1309 1944; baseline -0.004 -20"><span class='ocrx_word' id='word_1_107' title='bbox 160 1861 238 1924; x_wconf 87' lang='lat' dir='ltr'>tiam</span> <span class='ocrx_word' id='word_1_108' title='bbox 268 1860 317 1924; x_wconf 91' lang='lat' dir='ltr'>dei</span> <span class='ocrx_word' id='word_1_109' title='bbox 346 1863 481 1942; x_wconf 86' lang='lat' dir='ltr'>spectat,</span> <span class='ocrx_word' id='word_1_110' title='bbox 509 1863 678 1944; x_wconf 83' lang='lat' dir='ltr'>negantem</span> <span class='ocrx_word' id='word_1_111' title='bbox 707 1859 815 1943; x_wconf 85' lang='lat' dir='ltr'>arguit</span> <span class='ocrx_word' id='word_1_112' title='bbox 843 1863 875 1923; x_wconf 90' lang='lat' dir='ltr'>et</span> <span class='ocrx_word' id='word_1_113' title='bbox 900 1856 1049 1922; x_wconf 87' lang='lat' dir='ltr'>infitianti</span> <span class='ocrx_word' id='word_1_114' title='bbox 1082 1857 1172 1939; x_wconf 91' lang='lat' dir='ltr'>quasi</span> <span class='ocrx_word' id='word_1_115' title='bbox 1207 1855 1309 1920; x_wconf 86' lang='lat' dir='ltr'>sciens</span> 
     </span>
     <span class='ocr_line' id='line_1_14' title="bbox 159 1966 1307 2051; baseline -0.004 -19"><span class='ocrx_word' id='word_1_116' title='bbox 159 1967 338 2051; x_wconf 78' lang='lat' dir='ltr'>respondit:</span> <span class='ocrx_word' id='word_1_117' title='bbox 376 1986 447 2031; x_wconf 83' lang='lat' dir='ltr'>uox</span> <span class='ocrx_word' id='word_1_118' title='bbox 486 1966 687 2050; x_wconf 87' lang='lat' dir='ltr'>sanguinis</span> <span class='ocrx_word' id='word_1_119' title='bbox 724 1967 856 2030; x_wconf 83' lang='lat' dir='ltr'>fratris</span> <span class='ocrx_word' id='word_1_120' title='bbox 895 1967 951 2030; x_wconf 92' lang='lat' dir='ltr'>tui</span> <span class='ocrx_word' id='word_1_121' title='bbox 989 1966 1032 2030; x_wconf 91' lang='lat' dir='ltr'>ad</span> <span class='ocrx_word' id='word_1_122' title='bbox 1068 1985 1123 2029; x_wconf 94' lang='lat' dir='ltr'>me</span> <span class='ocrx_word' id='word_1_123' title='bbox 1161 1967 1307 2040; x_wconf 82' lang='lat' dir='ltr'>elamat,</span> 
     </span>
     <span class='ocr_line' id='line_1_15' title="bbox 161 2071 1408 2156; baseline -0.003 -18"><span class='ocrx_word' id='word_1_124' title='bbox 161 2075 247 2156; x_wconf 92' lang='lat' dir='ltr'>quod</span> <span class='ocrx_word' id='word_1_125' title='bbox 265 2077 372 2139; x_wconf 87' lang='lat' dir='ltr'>autem</span> <span class='ocrx_word' id='word_1_126' title='bbox 391 2073 431 2138; x_wconf 85' lang='lat' dir='ltr'>ad</span> <span class='ocrx_word' id='word_1_127' title='bbox 449 2074 602 2138; x_wconf 88' lang='lat' dir='ltr'>rationem</span> <span class='ocrx_word' id='word_1_128' title='bbox 621 2073 810 2155; x_wconf 89' lang='lat' dir='ltr'>profundam</span> <span class='ocrx_word' id='word_1_129' title='bbox 830 2073 960 2151; x_wconf 79' lang='lat' dir='ltr'>adtinet,</span> <span class='ocrx_word' id='word_1_130' title='bbox 979 2075 1147 2155; x_wconf 86' lang='lat' dir='ltr'>peccantes</span> <span class='ocrx_word' id='word_1_131' title='bbox 1162 2071 1408 2136; x_wconf 75' lang='lat' dir='ltr'>admonetalorl</span> 
     </span>
    </p>

    <p class='ocr_par' dir='ltr' id='par_1_5' title="bbox 117 2177 1356 3440">
     <span class='ocr_line' id='line_1_16' title="bbox 119 2177 1309 2264; baseline -0.003 -18"><span class='ocrx_word' id='word_1_132' title='bbox 119 2207 143 2246; x_wconf 73' lang='grc' dir='ltr'>ιε</span> <span class='ocrx_word' id='word_1_133' title='bbox 160 2181 385 2264; x_wconf 87' lang='lat' dir='ltr'>paenitentiae;</span> <span class='ocrx_word' id='word_1_134' title='bbox 414 2180 572 2247; x_wconf 85' lang='lat' dir='ltr'>confessio</span> <span class='ocrx_word' id='word_1_135' title='bbox 602 2180 684 2244; x_wconf 91' lang='lat' dir='ltr'>enim</span> <span class='ocrx_word' id='word_1_136' title='bbox 712 2200 885 2263; x_wconf 90' lang='lat' dir='ltr'>poenarum</span> <span class='ocrx_word' id='word_1_137' title='bbox 913 2179 1125 2263; x_wconf 83' lang='lat' dir='ltr'>conpendium</span> <span class='ocrx_word' id='word_1_138' title='bbox 1150 2182 1208 2244; x_wconf 90' lang='lat' dir='ltr'>est.</span> <span class='ocrx_word' id='word_1_139' title='bbox 1236 2177 1309 2242; x_wconf 89' lang='lat' dir='ltr'>iude</span> 
     </span>
     <span class='ocr_line' id='line_1_17' title="bbox 159 2287 1308 2372; baseline 0.002 -20"><span class='ocrx_word' id='word_1_140' title='bbox 159 2288 190 2352; x_wconf 91' lang='lat' dir='ltr'>in</span> <span class='ocrx_word' id='word_1_141' title='bbox 222 2287 351 2353; x_wconf 90' lang='lat' dir='ltr'>iudiciis</span> <span class='ocrx_word' id='word_1_142' title='bbox 384 2288 601 2352; x_wconf 87' lang='lat' dir='ltr'>saecularibus</span> <span class='ocrx_word' id='word_1_143' title='bbox 631 2288 761 2372; x_wconf 86' lang='lat' dir='ltr'>inpositi</span> <span class='ocrx_word' id='word_1_144' title='bbox 793 2289 901 2353; x_wconf 88' lang='lat' dir='ltr'>eculeo</span> <span class='ocrx_word' id='word_1_145' title='bbox 929 2290 1118 2369; x_wconf 88' lang='lat' dir='ltr'>torquentur</span> <span class='ocrx_word' id='word_1_146' title='bbox 1144 2289 1308 2370; x_wconf 57' lang='lat' dir='ltr'>negantes,</span> 
     </span>
     <span class='ocr_line' id='line_1_18' title="bbox 161 2393 1309 2478; baseline -0.003 -19"><span class='ocrx_word' id='word_1_147' title='bbox 161 2397 193 2459; x_wconf 90' lang='lat' dir='ltr'>et</span> <span class='ocrx_word' id='word_1_148' title='bbox 216 2395 371 2477; x_wconf 87' lang='lat' dir='ltr'>quaedam</span> <span class='ocrx_word' id='word_1_149' title='bbox 394 2394 498 2478; x_wconf 84' lang='lat' dir='ltr'>tangit</span> <span class='ocrx_word' id='word_1_150' title='bbox 520 2393 660 2460; x_wconf 90' lang='lat' dir='ltr'>iudicem</span> <span class='ocrx_word' id='word_1_151' title='bbox 682 2394 845 2459; x_wconf 89' lang='lat' dir='ltr'>miseratio</span> <span class='ocrx_word' id='word_1_152' title='bbox 871 2395 1061 2459; x_wconf 88' lang='lat' dir='ltr'>confitentis.</span> <span class='ocrx_word' id='word_1_153' title='bbox 1086 2397 1135 2458; x_wconf 91' lang='lat' dir='ltr'>est</span> <span class='ocrx_word' id='word_1_154' title='bbox 1155 2393 1309 2477; x_wconf 80' lang='lat' dir='ltr'>qunaedam</span> 
     </span>
     <span class='ocr_line' id='line_1_19' title="bbox 159 2501 1307 2584; baseline -0.003 -19"><span class='ocrx_word' id='word_1_155' title='bbox 159 2501 190 2565; x_wconf 90' lang='lat' dir='ltr'>in</span> <span class='ocrx_word' id='word_1_156' title='bbox 223 2501 365 2584; x_wconf 86' lang='lat' dir='ltr'>peccatis</span> <span class='ocrx_word' id='word_1_157' title='bbox 398 2501 590 2566; x_wconf 87' lang='lat' dir='ltr'>uerecundia</span> <span class='ocrx_word' id='word_1_158' title='bbox 622 2506 655 2566; x_wconf 90' lang='lat' dir='ltr'>et</span> <span class='ocrx_word' id='word_1_159' title='bbox 685 2502 898 2584; x_wconf 88' lang='lat' dir='ltr'>paenitentiae</span> <span class='ocrx_word' id='word_1_160' title='bbox 930 2501 1033 2582; x_wconf 90' lang='lat' dir='ltr'>portio</span> <span class='ocrx_word' id='word_1_161' title='bbox 1067 2501 1183 2564; x_wconf 91' lang='lat' dir='ltr'>crimen</span> <span class='ocrx_word' id='word_1_162' title='bbox 1218 2501 1307 2564; x_wconf 86' lang='lat' dir='ltr'>lateri</span> 
     </span>
     <span class='ocr_line' id='line_1_20' title="bbox 159 2607 1309 2692; baseline -0.002 -19"><span class='ocrx_word' id='word_1_163' title='bbox 159 2627 216 2673; x_wconf 91' lang='lat' dir='ltr'>nec</span> <span class='ocrx_word' id='word_1_164' title='bbox 236 2608 379 2673; x_wconf 86' lang='lat' dir='ltr'>deriuare</span> <span class='ocrx_word' id='word_1_165' title='bbox 399 2608 535 2691; x_wconf 79' lang='lat' dir='ltr'>culpam,</span> <span class='ocrx_word' id='word_1_166' title='bbox 556 2609 613 2673; x_wconf 89' lang='lat' dir='ltr'>sed</span> <span class='ocrx_word' id='word_1_167' title='bbox 635 2626 871 2692; x_wconf 87' lang='lat' dir='ltr'>recognoscere.</span> <span class='ocrx_word' id='word_1_168' title='bbox 896 2608 1024 2690; x_wconf 83' lang='lat' dir='ltr'>mitigat</span> <span class='ocrx_word' id='word_1_169' title='bbox 1046 2607 1181 2672; x_wconf 90' lang='lat' dir='ltr'>iudicem</span> <span class='ocrx_word' id='word_1_170' title='bbox 1206 2607 1309 2690; x_wconf 93' lang='lat' dir='ltr'>pudor</span> 
     </span>
     <span class='ocr_line' id='line_1_21' title="bbox 117 2715 1308 2801; baseline -0.002 -21"><span class='ocrx_word' id='word_1_171' title='bbox 117 2743 141 2780; x_wconf 77' lang='lat' dir='ltr'>a</span> <span class='ocrx_word' id='word_1_172' title='bbox 159 2735 294 2795; x_wconf 87' lang='lat' dir='ltr'>reorum,</span> <span class='ocrx_word' id='word_1_173' title='bbox 320 2716 436 2780; x_wconf 80' lang='lat' dir='ltr'>excitat</span> <span class='ocrx_word' id='word_1_174' title='bbox 459 2720 565 2780; x_wconf 90' lang='lat' dir='ltr'>antem</span> <span class='ocrx_word' id='word_1_175' title='bbox 589 2716 764 2800; x_wconf 84' lang='lat' dir='ltr'>pertinacia</span> <span class='ocrx_word' id='word_1_176' title='bbox 788 2716 1023 2801; x_wconf 85' lang='lat' dir='ltr'>denegantium.</span> <span class='ocrx_word' id='word_1_177' title='bbox 1047 2715 1119 2779; x_wconf 89' lang='lat' dir='ltr'>uult</span> <span class='ocrx_word' id='word_1_178' title='bbox 1141 2717 1172 2778; x_wconf 90' lang='lat' dir='ltr'>te</span> <span class='ocrx_word' id='word_1_179' title='bbox 1195 2732 1308 2796; x_wconf 93' lang='lat' dir='ltr'>prouo-</span> 
     </span>
     <span class='ocr_line' id='line_1_22' title="bbox 159 2821 1309 2907; baseline -0.003 -19"><span class='ocrx_word' id='word_1_180' title='bbox 159 2843 229 2888; x_wconf 86' lang='lat' dir='ltr'>care</span> <span class='ocrx_word' id='word_1_181' title='bbox 258 2823 298 2887; x_wconf 89' lang='lat' dir='ltr'>ad</span> <span class='ocrx_word' id='word_1_182' title='bbox 325 2823 451 2888; x_wconf 88' lang='lat' dir='ltr'>ueniam</span> <span class='ocrx_word' id='word_1_183' title='bbox 480 2823 569 2900; x_wconf 88' lang='lat' dir='ltr'>dens,</span> <span class='ocrx_word' id='word_1_184' title='bbox 598 2824 671 2887; x_wconf 92' lang='lat' dir='ltr'>uult</span> <span class='ocrx_word' id='word_1_185' title='bbox 699 2824 737 2889; x_wconf 90' lang='lat' dir='ltr'>de</span> <span class='ocrx_word' id='word_1_186' title='bbox 766 2843 800 2888; x_wconf 88' lang='lat' dir='ltr'>se</span> <span class='ocrx_word' id='word_1_187' title='bbox 829 2823 948 2907; x_wconf 86' lang='lat' dir='ltr'>sperari</span> <span class='ocrx_word' id='word_1_188' title='bbox 970 2822 1211 2906; x_wconf 86' lang='lat' dir='ltr'>indulgentiam,</span> <span class='ocrx_word' id='word_1_189' title='bbox 1236 2821 1309 2885; x_wconf 91' lang='lat' dir='ltr'>uult</span> 
     </span>
     <span class='ocr_line' id='line_1_23' title="bbox 129 2927 1356 3012; baseline -0.003 -19"><span class='ocrx_word' id='word_1_190' title='bbox 129 2999 134 3004; x_wconf 52' lang='grc'>,</span> <span class='ocrx_word' id='word_1_191' title='bbox 160 2929 376 2994; x_wconf 85' lang='lat' dir='ltr'>demonstrare</span> <span class='ocrx_word' id='word_1_192' title='bbox 395 2932 451 2993; x_wconf 88' lang='lat' dir='ltr'>tua</span> <span class='ocrx_word' id='word_1_193' title='bbox 469 2930 669 2994; x_wconf 87' lang='lat' dir='ltr'>confessione</span> <span class='ocrx_word' id='word_1_194' title='bbox 689 2929 773 3012; x_wconf 89' lang='lat' dir='ltr'>quod</span> <span class='ocrx_word' id='word_1_195' title='bbox 792 2949 852 2993; x_wconf 93' lang='lat' dir='ltr'>non</span> <span class='ocrx_word' id='word_1_196' title='bbox 874 2929 916 2994; x_wconf 90' lang='lat' dir='ltr'>sit</span> <span class='ocrx_word' id='word_1_197' title='bbox 935 2932 1045 2994; x_wconf 83' lang='lat' dir='ltr'>auctor</span> <span class='ocrx_word' id='word_1_198' title='bbox 1063 2927 1214 2992; x_wconf 90' lang='lat' dir='ltr'>malitiae.</span> <span class='ocrx_word' id='word_1_199' title='bbox 1235 2945 1306 2991; x_wconf 90' lang='lat' dir='ltr'>nam</span> <span class='ocrx_word' id='word_1_200' title='bbox 1334 2935 1356 2989; x_wconf 90' lang='lat' dir='ltr'><strong>B</strong></span> 
     </span>
     <span class='ocr_line' id='line_1_24' title="bbox 160 3033 1306 3120; baseline -0.002 -19"><span class='ocrx_word' id='word_1_201' title='bbox 160 3036 214 3118; x_wconf 88' lang='lat' dir='ltr'>qui</span> <span class='ocrx_word' id='word_1_202' title='bbox 241 3040 411 3120; x_wconf 81' lang='lat' dir='ltr'>peccatum</span> <span class='ocrx_word' id='word_1_203' title='bbox 438 3056 533 3100; x_wconf 76' lang='lat' dir='ltr'>aarum</span> <span class='ocrx_word' id='word_1_204' title='bbox 563 3035 602 3100; x_wconf 85' lang='lat' dir='ltr'>ad</span> <span class='ocrx_word' id='word_1_205' title='bbox 630 3037 788 3119; x_wconf 88' lang='lat' dir='ltr'>quandam</span> <span class='ocrx_word' id='word_1_206' title='bbox 815 3037 963 3115; x_wconf 78' lang='lat' dir='ltr'>referunt,</span> <span class='ocrx_word' id='word_1_207' title='bbox 992 3039 1029 3100; x_wconf 93' lang='lat' dir='ltr'>ut</span> <span class='ocrx_word' id='word_1_208' title='bbox 1057 3035 1190 3120; x_wconf 85' lang='lat' dir='ltr'>gentiles</span> <span class='ocrx_word' id='word_1_209' title='bbox 1220 3033 1306 3099; x_wconf 89' lang='lat' dir='ltr'>adse-</span> 
     </span>
     <span class='ocr_line' id='line_1_25' title="bbox 159 3142 1308 3227; baseline -0.003 -20"><span class='ocrx_word' id='word_1_210' title='bbox 159 3148 242 3222; x_wconf 87' lang='lat' dir='ltr'>runt,</span> <span class='ocrx_word' id='word_1_211' title='bbox 281 3144 400 3208; x_wconf 88' lang='lat' dir='ltr'>decreti</span> <span class='ocrx_word' id='word_1_212' title='bbox 437 3147 493 3207; x_wconf 91' lang='lat' dir='ltr'>aut</span> <span class='ocrx_word' id='word_1_213' title='bbox 530 3144 633 3227; x_wconf 87' lang='lat' dir='ltr'>operis</span> <span class='ocrx_word' id='word_1_214' title='bbox 674 3145 724 3208; x_wconf 93' lang='lat' dir='ltr'>sui</span> <span class='ocrx_word' id='word_1_215' title='bbox 760 3144 986 3208; x_wconf 88' lang='lat' dir='ltr'>necessitatem</span> <span class='ocrx_word' id='word_1_216' title='bbox 1027 3142 1134 3206; x_wconf 90' lang='lat' dir='ltr'>diuina</span> <span class='ocrx_word' id='word_1_217' title='bbox 1175 3160 1308 3225; x_wconf 87' lang='lat' dir='ltr'>arguero</span> 
     </span>
     <span class='ocr_line' id='line_1_26' title="bbox 117 3249 1307 3334; baseline -0.002 -20"><span class='ocrx_word' id='word_1_218' title='bbox 117 3251 319 3328; x_wconf 70' lang='lat' dir='ltr'>euidentun</span> <span class='ocrx_word' id='word_1_219' title='bbox 357 3250 449 3334; x_wconf 87' lang='lat' dir='ltr'>quasi</span> <span class='ocrx_word' id='word_1_220' title='bbox 484 3251 627 3334; x_wconf 84' lang='lat' dir='ltr'>ipsorum</span> <span class='ocrx_word' id='word_1_221' title='bbox 664 3251 715 3316; x_wconf 91' lang='lat' dir='ltr'>uis</span> <span class='ocrx_word' id='word_1_222' title='bbox 753 3270 849 3316; x_wconf 83' lang='lat' dir='ltr'>causa</span> <span class='ocrx_word' id='word_1_223' title='bbox 885 3250 1009 3332; x_wconf 89' lang='lat' dir='ltr'>peccati</span> <span class='ocrx_word' id='word_1_224' title='bbox 1043 3250 1099 3324; x_wconf 91' lang='lat' dir='ltr'>sit;</span> <span class='ocrx_word' id='word_1_225' title='bbox 1138 3249 1191 3331; x_wconf 87' lang='lat' dir='ltr'>qui</span> <span class='ocrx_word' id='word_1_226' title='bbox 1225 3249 1307 3313; x_wconf 88' lang='lat' dir='ltr'>enim</span> 
     </span>
     <span class='ocr_line' id='line_1_27' title="bbox 158 3355 1307 3440; baseline -0.003 -18"><span class='ocrx_word' id='word_1_227' title='bbox 158 3359 350 3423; x_wconf 85' lang='lat' dir='ltr'>necessitate</span> <span class='ocrx_word' id='word_1_228' title='bbox 379 3358 484 3440; x_wconf 86' lang='lat' dir='ltr'>aliqua</span> <span class='ocrx_word' id='word_1_229' title='bbox 512 3363 643 3424; x_wconf 87' lang='lat' dir='ltr'>coactus</span> <span class='ocrx_word' id='word_1_230' title='bbox 672 3357 824 3423; x_wconf 87' lang='lat' dir='ltr'>occiderit</span> <span class='ocrx_word' id='word_1_231' title='bbox 852 3357 943 3440; x_wconf 87' lang='lat' dir='ltr'>quasi</span> <span class='ocrx_word' id='word_1_232' title='bbox 970 3357 1091 3421; x_wconf 91' lang='lat' dir='ltr'>inuitus</span> <span class='ocrx_word' id='word_1_233' title='bbox 1121 3355 1246 3421; x_wconf 88' lang='lat' dir='ltr'>occidit.</span> <span class='ocrx_word' id='word_1_234' title='bbox 1272 3373 1307 3418; x_wconf 88' lang='lat' dir='ltr'>ea</span> 
     </span>
    </p>
   </div>
   <div class='ocr_carea' id='block_1_3' title="bbox 158 3563 1307 3722">
    <p class='ocr_par' dir='ltr' id='par_1_6' title="bbox 158 3563 1307 3722">
     <span class='ocr_line' id='line_1_28' title="bbox 251 3563 1307 3637; baseline -0.005 -17"><span class='ocrx_word' id='word_1_235' title='bbox 251 3568 263 3620; x_wconf 93' lang='lat'>1</span> <span class='ocrx_word' id='word_1_236' title='bbox 284 3565 352 3636; x_wconf 82' lang='lat' dir='ltr'>Reg.</span> <span class='ocrx_word' id='word_1_237' title='bbox 370 3567 399 3621; x_wconf 86' lang='lat'>11</span> <span class='ocrx_word' id='word_1_238' title='bbox 420 3568 460 3627; x_wconf 84' lang='lat'>13.</span> <span class='ocrx_word' id='word_1_239' title='bbox 480 3567 514 3622; x_wconf 88' lang='grc'>28</span> <span class='ocrx_word' id='word_1_240' title='bbox 534 3585 573 3637; x_wconf 84' lang='lat' dir='ltr'>sq.</span> <span class='ocrx_word' id='word_1_241' title='bbox 625 3567 641 3620; x_wconf 84' lang='lat'><em>8</em></span> <span class='ocrx_word' id='word_1_242' title='bbox 660 3567 727 3635; x_wconf 75' lang='lat' dir='ltr'>neg.</span> <span class='ocrx_word' id='word_1_243' title='bbox 747 3566 776 3619; x_wconf 92' lang='lat' dir='ltr'>II</span> <span class='ocrx_word' id='word_1_244' title='bbox 797 3568 820 3632; x_wconf 90' lang='lat'>1,</span> <span class='ocrx_word' id='word_1_245' title='bbox 840 3568 872 3620; x_wconf 95' lang='grc'>21</span> <span class='ocrx_word' id='word_1_246' title='bbox 931 3565 964 3619; x_wconf 92' lang='grc'>10</span> <span class='ocrx_word' id='word_1_247' title='bbox 982 3564 1062 3618; x_wconf 92' lang='lat' dir='ltr'>Philo</span> <span class='ocrx_word' id='word_1_248' title='bbox 1083 3563 1155 3634; x_wconf 90' lang='lat' dir='ltr'>quod</span> <span class='ocrx_word' id='word_1_249' title='bbox 1175 3563 1228 3618; x_wconf 88' lang='lat' dir='ltr'>det.</span> <span class='ocrx_word' id='word_1_250' title='bbox 1249 3566 1307 3632; x_wconf 91' lang='lat' dir='ltr'>pot.</span> 
     </span>
     <span class='ocr_line' id='line_1_29' title="bbox 158 3653 1124 3722; baseline 0 -15"><span class='ocrx_word' id='word_1_251' title='bbox 158 3655 208 3710; x_wconf 84' lang='lat' dir='ltr'>ins.</span> <span class='ocrx_word' id='word_1_252' title='bbox 226 3656 258 3709; x_wconf 86' lang='lat'>17</span> <span class='ocrx_word' id='word_1_253' title='bbox 275 3655 347 3720; x_wconf 86' lang='grc'>(202,</span> <span class='ocrx_word' id='word_1_254' title='bbox 360 3656 393 3709; x_wconf 85' lang='lat'>31</span> <span class='ocrx_word' id='word_1_255' title='bbox 401 3676 408 3720; x_wconf 92' lang='lat'>;</span> <span class='ocrx_word' id='word_1_256' title='bbox 423 3655 437 3708; x_wconf 91' lang='grc' dir='ltr'>Ι</span> <span class='ocrx_word' id='word_1_257' title='bbox 451 3657 512 3720; x_wconf 84' lang='grc'>271,</span> <span class='ocrx_word' id='word_1_258' title='bbox 535 3657 569 3709; x_wconf 96' lang='grc'>14</span> <span class='ocrx_word' id='word_1_259' title='bbox 590 3655 630 3722; x_wconf 76' lang='lat'>0.)</span> <span class='ocrx_word' id='word_1_260' title='bbox 651 3655 761 3721; x_wconf 82' lang='lat' dir='ltr'>Quaest.</span> <span class='ocrx_word' id='word_1_261' title='bbox 781 3655 847 3708; x_wconf 83' lang='lat'>168</span> <span class='ocrx_word' id='word_1_262' title='bbox 905 3655 937 3709; x_wconf 86' lang='grc'>13</span> <span class='ocrx_word' id='word_1_263' title='bbox 958 3653 1024 3708; x_wconf 88' lang='lat' dir='ltr'>Gen.</span> <span class='ocrx_word' id='word_1_264' title='bbox 1044 3654 1069 3720; x_wconf 87' lang='lat'>4,</span> <span class='ocrx_word' id='word_1_265' title='bbox 1091 3654 1124 3707; x_wconf 91' lang='grc'>10</span> 
     </span>
    </p>
   </div>
   <div class='ocr_carea' id='block_1_4' title="bbox 157 3775 1348 4472">
    <p class='ocr_par' dir='ltr' id='par_1_7' title="bbox 157 3775 1348 4472">
     <span class='ocr_line' id='line_1_30' title="bbox 195 3775 1306 3847; baseline -0.004 -15"><span class='ocrx_word' id='word_1_266' title='bbox 195 3779 207 3832; x_wconf 94' lang='lat' dir='ltr'>l</span> <span class='ocrx_word' id='word_1_267' title='bbox 230 3795 327 3832; x_wconf 88' lang='lat' dir='ltr'>amnon</span> <span class='ocrx_word' id='word_1_268' title='bbox 346 3778 381 3830; x_wconf 92' lang='lat' dir='ltr'>P¹</span> <span class='ocrx_word' id='word_1_269' title='bbox 401 3786 473 3847; x_wconf 82' lang='lat' dir='ltr'>agad</span> <span class='ocrx_word' id='word_1_270' title='bbox 491 3779 528 3832; x_wconf 82' lang='lat' dir='ltr'><strong><em>M</em></strong></span> <span class='ocrx_word' id='word_1_271' title='bbox 545 3785 592 3846; x_wconf 75' lang='lat' dir='ltr'>(nd</span> <span class='ocrx_word' id='word_1_272' title='bbox 611 3779 643 3831; x_wconf 81' lang='lat' dir='ltr'>ia</span> <span class='ocrx_word' id='word_1_273' title='bbox 661 3778 727 3833; x_wconf 78' lang='lat' dir='ltr'>rael</span> <span class='ocrx_word' id='word_1_274' title='bbox 748 3795 854 3831; x_wconf 84' lang='lat' dir='ltr'>ammon</span> <span class='ocrx_word' id='word_1_275' title='bbox 871 3777 897 3830; x_wconf 92' lang='grc' dir='ltr'><strong><em>Β</em></strong></span> <span class='ocrx_word' id='word_1_276' title='bbox 917 3795 991 3830; x_wconf 84' lang='lat' dir='ltr'>annor</span> <span class='ocrx_word' id='word_1_277' title='bbox 1008 3777 1034 3830; x_wconf 87' lang='lat' dir='ltr'><em>V</em></span> <span class='ocrx_word' id='word_1_278' title='bbox 1051 3793 1129 3830; x_wconf 87' lang='lat' dir='ltr'>amon</span> <span class='ocrx_word' id='word_1_279' title='bbox 1149 3782 1195 3830; x_wconf 83' lang='lat' dir='ltr'>cet.</span> <span class='ocrx_word' id='word_1_280' title='bbox 1234 3775 1306 3828; x_wconf 72' lang='lat' dir='ltr'>ain-</span> 
     </span>
     <span class='ocr_line' id='line_1_31' title="bbox 157 3863 1307 3936; baseline -0.004 -16"><span class='ocrx_word' id='word_1_281' title='bbox 157 3867 258 3936; x_wconf 83' lang='lat' dir='ltr'>peritia</span> <span class='ocrx_word' id='word_1_282' title='bbox 277 3867 419 3936; x_wconf 86' lang='lat' dir='ltr'>(inpertita</span> <span class='ocrx_word' id='word_1_283' title='bbox 436 3866 468 3919; x_wconf 77' lang='lat' dir='ltr'>in</span> <span class='ocrx_word' id='word_1_284' title='bbox 485 3870 549 3935; x_wconf 72' lang='lat' dir='ltr'>my.)</span> <span class='ocrx_word' id='word_1_285' title='bbox 569 3866 593 3919; x_wconf 80' lang='lat' dir='ltr'><strong><em>S</em></strong></span> <span class='ocrx_word' id='word_1_286' title='bbox 609 3866 738 3936; x_wconf 78' lang='lat' dir='ltr'>inpertire</span> <span class='ocrx_word' id='word_1_287' title='bbox 756 3866 794 3918; x_wconf 89' lang='grc' dir='ltr'><em>Μ</em></span> <span class='ocrx_word' id='word_1_288' title='bbox 855 3868 871 3919; x_wconf 88' lang='grc'><strong>4</strong></span> <span class='ocrx_word' id='word_1_289' title='bbox 892 3863 1001 3918; x_wconf 79' lang='lat' dir='ltr'>essetS</span> <span class='ocrx_word' id='word_1_290' title='bbox 1019 3867 1097 3932; x_wconf 75' lang='lat' dir='ltr'>(com.</span> <span class='ocrx_word' id='word_1_291' title='bbox 1118 3867 1175 3929; x_wconf 72' lang='lat' dir='ltr'>md)</span> <span class='ocrx_word' id='word_1_292' title='bbox 1193 3863 1307 3916; x_wconf 73' lang='lat' dir='ltr'><strong><em>MM¹P⁴</em></strong></span> 
     </span>
     <span class='ocr_line' id='line_1_32' title="bbox 159 3952 1308 4024; baseline -0.005 -14"><span class='ocrx_word' id='word_1_293' title='bbox 159 3973 217 4010; x_wconf 83' lang='lat' dir='ltr'>esse</span> <span class='ocrx_word' id='word_1_294' title='bbox 242 3958 324 4021; x_wconf 84' lang='lat' dir='ltr'>(corr.</span> <span class='ocrx_word' id='word_1_295' title='bbox 347 3957 405 4021; x_wconf 80' lang='lat' dir='ltr'>m2)</span> <span class='ocrx_word' id='word_1_296' title='bbox 424 3954 464 4021; x_wconf 90' lang='lat' dir='ltr'>P‚·</span> <span class='ocrx_word' id='word_1_297' title='bbox 486 3958 589 4024; x_wconf 86' lang='lat' dir='ltr'>quanta</span> <span class='ocrx_word' id='word_1_298' title='bbox 612 3959 704 4008; x_wconf 88' lang='lat' dir='ltr'>essent</span> <span class='ocrx_word' id='word_1_299' title='bbox 727 3971 777 4012; x_wconf 87' lang='lat' dir='ltr'>om.</span> <span class='ocrx_word' id='word_1_300' title='bbox 798 3956 824 4007; x_wconf 97' lang='grc' dir='ltr'><strong><em>Β</em></strong></span> <span class='ocrx_word' id='word_1_301' title='bbox 915 3958 931 4009; x_wconf 83' lang='lat'>5</span> <span class='ocrx_word' id='word_1_302' title='bbox 950 3955 1089 4008; x_wconf 83' lang='lat' dir='ltr'>noxiorum</span> <span class='ocrx_word' id='word_1_303' title='bbox 1109 3952 1308 4006; x_wconf 80' lang='lat' dir='ltr'>Louduoensr&#39;s</span> 
     </span>
     <span class='ocr_line' id='line_1_33' title="bbox 157 4041 1348 4116; baseline -0.003 -19"><span class='ocrx_word' id='word_1_304' title='bbox 157 4044 359 4097; x_wconf 79' lang='lat' dir='ltr'>Maurinorum</span> <span class='ocrx_word' id='word_1_305' title='bbox 377 4043 488 4096; x_wconf 83' lang='lat' dir='ltr'>noxiora</span> <span class='ocrx_word' id='word_1_306' title='bbox 506 4048 554 4096; x_wconf 85' lang='lat' dir='ltr'>eet.</span> <span class='ocrx_word' id='word_1_307' title='bbox 645 4045 809 4097; x_wconf 77' lang='lat' dir='ltr'>dionatlras</span> <span class='ocrx_word' id='word_1_308' title='bbox 828 4043 862 4096; x_wconf 81' lang='lat' dir='ltr'>P‘</span> <span class='ocrx_word' id='word_1_309' title='bbox 944 4042 1078 4112; x_wconf 68' lang='lat' dir='ltr'>dgelbup</span> <span class='ocrx_word' id='word_1_310' title='bbox 1098 4041 1134 4096; x_wconf 87' lang='lat' dir='ltr'><em>M</em></span> <span class='ocrx_word' id='word_1_311' title='bbox 1150 4041 1260 4110; x_wconf 61' lang='lat' dir='ltr'>gelboae</span> <span class='ocrx_word' id='word_1_312' title='bbox 1284 4041 1348 4116; x_wconf 85' lang='lat' dir='ltr'>V¹</span> 
     </span>
     <span class='ocr_line' id='line_1_34' title="bbox 157 4131 1307 4202; baseline -0.003 -16"><span class='ocrx_word' id='word_1_313' title='bbox 157 4133 257 4202; x_wconf 85' lang='lat' dir='ltr'>gelboe</span> <span class='ocrx_word' id='word_1_314' title='bbox 276 4138 322 4185; x_wconf 83' lang='lat' dir='ltr'>cet.</span> <span class='ocrx_word' id='word_1_315' title='bbox 380 4133 413 4185; x_wconf 88' lang='grc'>12</span> <span class='ocrx_word' id='word_1_316' title='bbox 432 4134 539 4201; x_wconf 85' lang='lat' dir='ltr'>spectat</span> <span class='ocrx_word' id='word_1_317' title='bbox 557 4131 686 4186; x_wconf 70' lang='lat' dir='ltr'>dionaeo.</span> <span class='ocrx_word' id='word_1_318' title='bbox 706 4136 789 4186; x_wconf 82' lang='lat'><em>2549</em></span> <span class='ocrx_word' id='word_1_319' title='bbox 807 4139 830 4186; x_wconf 88' lang='lat' dir='ltr'>el</span> <span class='ocrx_word' id='word_1_320' title='bbox 850 4134 947 4186; x_wconf 82' lang='grc'><strong>14399</strong></span> <span class='ocrx_word' id='word_1_321' title='bbox 970 4131 1086 4185; x_wconf 84' lang='lat' dir='ltr'>Uindob.</span> <span class='ocrx_word' id='word_1_322' title='bbox 1105 4133 1164 4183; x_wconf 87' lang='grc'>758</span> <span class='ocrx_word' id='word_1_323' title='bbox 1182 4135 1307 4198; x_wconf 84' lang='lat' dir='ltr'>expectat</span> 
     </span>
     <span class='ocr_line' id='line_1_35' title="bbox 158 4220 1306 4292; baseline -0.003 -17"><span class='ocrx_word' id='word_1_324' title='bbox 158 4228 205 4276; x_wconf 78' lang='lat' dir='ltr'>cet.</span> <span class='ocrx_word' id='word_1_325' title='bbox 273 4221 306 4276; x_wconf 86' lang='lat'>13</span> <span class='ocrx_word' id='word_1_326' title='bbox 324 4222 366 4274; x_wconf 91' lang='lat' dir='ltr'>tui</span> <span class='ocrx_word' id='word_1_327' title='bbox 384 4221 523 4274; x_wconf 82' lang='lat' dir='ltr'>fratrisP</span> <span class='ocrx_word' id='word_1_328' title='bbox 588 4223 620 4274; x_wconf 86' lang='lat'>15</span> <span class='ocrx_word' id='word_1_329' title='bbox 640 4223 826 4292; x_wconf 85' lang='lat' dir='ltr'>paenitentiae</span> <span class='ocrx_word' id='word_1_330' title='bbox 846 4224 881 4276; x_wconf 88' lang='lat' dir='ltr'><em>M</em></span> <span class='ocrx_word' id='word_1_331' title='bbox 899 4222 932 4275; x_wconf 88' lang='lat' dir='ltr'>ad</span> <span class='ocrx_word' id='word_1_332' title='bbox 953 4222 1149 4292; x_wconf 87' lang='lat' dir='ltr'>paenitentiam</span> <span class='ocrx_word' id='word_1_333' title='bbox 1168 4221 1195 4272; x_wconf 91' lang='grc' dir='ltr'><strong><em>Β</em></strong></span> <span class='ocrx_word' id='word_1_334' title='bbox 1214 4220 1306 4290; x_wconf 84' lang='lat' dir='ltr'>paeni-</span> 
     </span>
     <span class='ocr_line' id='line_1_36' title="bbox 157 4309 1306 4379; baseline -0.002 -15"><span class='ocrx_word' id='word_1_335' title='bbox 157 4311 272 4364; x_wconf 82' lang='lat' dir='ltr'>tentiam</span> <span class='ocrx_word' id='word_1_336' title='bbox 293 4316 340 4364; x_wconf 85' lang='lat' dir='ltr'>cet.</span> <span class='ocrx_word' id='word_1_337' title='bbox 398 4311 431 4364; x_wconf 88' lang='lat'>16</span> <span class='ocrx_word' id='word_1_338' title='bbox 452 4310 566 4379; x_wconf 86' lang='lat' dir='ltr'>equuleo</span> <span class='ocrx_word' id='word_1_339' title='bbox 586 4309 613 4363; x_wconf 94' lang='lat' dir='ltr'><strong><em>P</em></strong></span> <span class='ocrx_word' id='word_1_340' title='bbox 668 4313 700 4365; x_wconf 80' lang='grc'>17</span> <span class='ocrx_word' id='word_1_341' title='bbox 721 4312 881 4365; x_wconf 85' lang='lat' dir='ltr'>confidentis</span> <span class='ocrx_word' id='word_1_342' title='bbox 900 4311 936 4364; x_wconf 88' lang='lat' dir='ltr'><em>M</em></span> <span class='ocrx_word' id='word_1_343' title='bbox 989 4313 1022 4364; x_wconf 86' lang='grc'>23</span> <span class='ocrx_word' id='word_1_344' title='bbox 1042 4309 1205 4363; x_wconf 88' lang='lat' dir='ltr'>referuntB</span> <span class='ocrx_word' id='word_1_345' title='bbox 1224 4309 1306 4362; x_wconf 84' lang='lat' dir='ltr'>refert</span> 
     </span>
     <span class='ocr_line' id='line_1_37' title="bbox 158 4399 1306 4472; baseline -0.002 -19"><span class='ocrx_word' id='word_1_346' title='bbox 158 4400 219 4454; x_wconf 80' lang='lat' dir='ltr'>MP</span> <span class='ocrx_word' id='word_1_347' title='bbox 238 4400 281 4466; x_wconf 80' lang='lat' dir='ltr'>(in</span> <span class='ocrx_word' id='word_1_348' title='bbox 299 4400 399 4468; x_wconf 78' lang='lat' dir='ltr'>quidue</span> <span class='ocrx_word' id='word_1_349' title='bbox 417 4402 430 4452; x_wconf 93' lang='lat' dir='ltr'>t</span> <span class='ocrx_word' id='word_1_350' title='bbox 447 4401 479 4453; x_wconf 77' lang='lat' dir='ltr'>to</span> <span class='ocrx_word' id='word_1_351' title='bbox 496 4405 565 4466; x_wconf 78' lang='lat' dir='ltr'>ros.)</span> <span class='ocrx_word' id='word_1_352' title='bbox 586 4409 632 4458; x_wconf 85' lang='lat' dir='ltr'>eet.</span> <span class='ocrx_word' id='word_1_353' title='bbox 684 4405 718 4456; x_wconf 78' lang='grc'>25</span> <span class='ocrx_word' id='word_1_354' title='bbox 739 4404 774 4455; x_wconf 92' lang='lat' dir='ltr'>sit</span> <span class='ocrx_word' id='word_1_355' title='bbox 794 4403 900 4472; x_wconf 82' lang='lat' dir='ltr'>peccati</span> <span class='ocrx_word' id='word_1_356' title='bbox 914 4402 940 4453; x_wconf 93' lang='grc' dir='ltr'><strong><em>Β</em></strong></span> <span class='ocrx_word' id='word_1_357' title='bbox 990 4402 1023 4454; x_wconf 88' lang='grc'>26</span> <span class='ocrx_word' id='word_1_358' title='bbox 1044 4404 1154 4455; x_wconf 86' lang='lat' dir='ltr'>coactus</span> <span class='ocrx_word' id='word_1_359' title='bbox 1175 4400 1266 4468; x_wconf 86' lang='lat' dir='ltr'>aliquo</span> <span class='ocrx_word' id='word_1_360' title='bbox 1280 4399 1306 4451; x_wconf 93' lang='lat' dir='ltr'><em>B</em></span> 
     </span>
    </p>
   </div>
   <div class='ocr_carea' id='block_1_5' title="bbox 184 4504 1268 4580">
    <p class='ocr_par' dir='ltr' id='par_1_8' title="bbox 184 4504 1268 4580">
     <span class='ocr_line' id='line_1_38' title="bbox 184 4504 1268 4580; baseline 0.011 -12"><span class='ocrx_word' id='word_1_361' title='bbox 184 4528 277 4570; x_wconf 76' lang='lat' dir='ltr'>mn.</span> <span class='ocrx_word' id='word_1_362' title='bbox 294 4529 373 4569; x_wconf 79' lang='lat' dir='ltr'>Ambr.</span> <span class='ocrx_word' id='word_1_363' title='bbox 388 4539 441 4580; x_wconf 78' lang='lat' dir='ltr'>pm</span> <span class='ocrx_word' id='word_1_364' title='bbox 456 4533 477 4580; x_wconf 86' lang='lat'>1,</span> <span class='ocrx_word' id='word_1_365' title='bbox 488 4528 545 4570; x_wconf 71' lang='lat' dir='ltr'>use.</span> <span class='ocrx_word' id='word_1_366' title='bbox 556 4533 576 4572; x_wconf 90' lang='lat'>1.</span> <span class='ocrx_word' id='word_1_367' title='bbox 1235 4504 1268 4558; x_wconf 66' lang='grc'>26</span> 
     </span>
    </p>
   </div>
   <div class='ocr_carea' id='block_1_6' title="bbox 0 0 1576 4967">
    <p class='ocr_par' dir='ltr' id='par_1_9' title="bbox 0 0 1576 4967">
     <span class='ocr_line' id='line_1_39' title="bbox 0 0 1576 4967; baseline 0 1"><span class='ocrx_word' id='word_1_368' title='bbox 0 0 1576 4967; x_wconf 95' lang='lat' dir='ltr'> </span> 
     </span>
    </p>
   </div>
  </div>
 </body>
</html>
