3142 4967
257 462 321 526 208
724 457 925 512 Ambrosii

257 648 473 715 erubescimus
501 646 664 729 simplices
691 646 876 731 intellegere
900 650 1070 722 creaturas,
1095 666 1175 730 quae
1200 648 1400 731 simplicibus
1464 652 1485 707 1⁴⁸

257 760 289 821 et
316 756 384 820 suis
413 755 611 819 declarantur
637 754 814 818 uocabulis.
844 754 966 818 caelum
996 752 1144 838 legimus,
1175 756 1299 821 caelum
1321 756 1401 820 acci-

256 864 397 947 piamus;
421 864 536 926 terram
558 861 708 945 legimus,
732 864 848 925 terram
872 860 1095 945 intellegamus
1120 861 1316 945 frugiferam.

213 969 232 1031 7
302 970 386 1050 Quid
408 969 487 1033 mihi
510 986 657 1050 quaerere
682 987 762 1051 quae
787 968 831 1033 sit
853 962 923 1032 eius
949 986 1097 1033 mensura
1122 969 1286 1046 circuitus,
1307 988 1401 1052 quam

257 1080 437 1161 geometrae
456 1078 584 1140 centum
604 1075 767 1158 octoginta
784 1074 916 1139 milibus
936 1075 1111 1139 stadiorum
1131 1075 1402 1141 aestimaueruut?
1434 1100 1446 1137 ο

194 1235 197 1241 .
255 1183 392 1249 libenter
413 1182 515 1247 fateor
536 1201 587 1246 me
610 1182 732 1247 nescire
756 1182 842 1264 quod
864 1180 981 1259 nescio,
999 1180 1097 1247 immo
1117 1182 1198 1246 scire
1218 1182 1302 1265 quod
1322 1183 1402 1249 scire

256 1290 337 1354 nihil
358 1288 508 1372 proderit.
531 1289 648 1353 melius
672 1291 723 1353 est
745 1306 861 1372 genera
883 1292 1037 1353 terrarum
1061 1288 1142 1353 scire
1165 1308 1261 1371 quam
1289 1289 1400 1373 spatia,

256 1416 336 1480 quae
359 1396 551 1462 circumfuso
576 1395 665 1471 mari,
683 1395 859 1460 interiectis
878 1396 1046 1461 barbarum
1065 1396 1259 1480 regionibus,
1279 1398 1403 1461 suffirsa
1445 1396 1521 1453 liti

257 1509 352 1587 atque
374 1504 463 1568 inuia
484 1503 655 1587 paludibus
678 1502 776 1568 humo
797 1502 1063 1586 quemadmodum
1081 1522 1255 1584 possumus
1274 1522 1402 1586 conpre-

255 1608 414 1675 hendere?
430 1608 515 1691 quod
533 1608 721 1691 inpossibile
740 1627 811 1673 esse
830 1608 1011 1673 hominibus
1032 1609 1188 1693 scriptura
1207 1610 1402 1675 demonstrat
1420 1633 1442 1673 ιο

257 1715 380 1781 dicente
401 1713 475 1781 deo:
495 1716 586 1799 quis
605 1734 767 1781 mensus
793 1719 856 1780 est
879 1735 992 1781 manu
1018 1734 1158 1798 aquam
1183 1719 1222 1781 et
1245 1718 1401 1782 caelum

255 1823 389 1904 palmo
427 1826 466 1887 et
500 1823 736 1887 uniuersam
773 1824 921 1887 terram
960 1822 1102 1887 clausa
1138 1828 1278 1887 manu?
1311 1825 1401 1907 quis

257 1928 1402 2011 statuitmontesinlibraetrupesiustateuactnemora

257 2036 294 2100 iu
327 2036 447 2119 iugo?
476 2039 508 2100 et
535 2036 633 2099 inira:
662 2036 730 2117 qui
758 2038 872 2099 tenet
901 2054 1040 2119 gyrum
1067 2039 1201 2100 terrae
1230 2039 1269 2101 et
1296 2036 1402 2100 habi·

255 2145 393 2206 tantes
416 2142 454 2206 in
480 2160 523 2205 ea
546 2142 657 2207 sicut
679 2142 881 2219 lucustas,
907 2142 974 2225 qui
998 2143 1156 2207 statuit
1179 2143 1335 2208 caelum
1359 2145 1401 2207 ut
1419 2164 1441 2203 rs

256 2264 463 2313 cameram.
483 2246 554 2329 quis
572 2247 673 2332 igitur
691 2247 853 2329 aequalem
876 2247 935 2311 sibi
957 2266 1029 2312 cum
1049 2248 1108 2313 deo
1124 2248 1222 2313 audet
1235 2248 1399 2314 scientiam
1456 2250 1476 2304 B

256 2352 426 2431 uindicare,
451 2358 488 2420 ut
511 2374 592 2437 quae
616 2352 694 2419 deus
717 2354 897 2419 maiestatis
921 2373 998 2418 suae
1022 2370 1093 2419 esse
1116 2354 1241 2439 proprio
1261 2354 1402 2439 signauit

257 2459 383 2526 oraculo
407 2460 486 2525 haec
510 2458 571 2525 sibi
587 2460 688 2531 ¹horno
712 2459 752 2523 ad
775 2461 989 2544 cognitionem
1015 2465 1182 2543 suppetere
1202 2480 1297 2544 posse
1316 2480 1402 2544 prae-

212 2560 232 2623 8
257 2570 387 2632 sumat?
416 2569 501 2631 certe
523 2566 651 2648 Moyses
676 2565 820 2630 eruditus
845 2571 912 2630 erat
934 2566 966 2629 in
990 2565 1076 2630 omni
1100 2565 1256 2649 sapientia
1278 2568 1401 2650 Aegyp-

184 2695 191 2806 !
255 2674 382 2752 tiorum,
403 2673 459 2738 sed
478 2673 553 2755 quia
571 2672 719 2755 spiritum
734 2673 783 2737 dei
800 2674 933 2756 accepit,
949 2674 1040 2756 quasi
1055 2672 1201 2738 minister
1212 2671 1264 2737 dei
1277 2672 1400 2737 inanem
1418 2700 1441 2737 οο

255 2779 344 2843 illam
368 2781 400 2844 ot
422 2778 657 2861 usurpatoriam
680 2779 903 2862 philosophiae
927 2778 1103 2845 doctrinam
1123 2778 1270 2843 ueritatis
1288 2779 1401 2845 rationi

256 2885 444 2967 posthabuit
466 2888 499 2950 et
522 2904 558 2949 ea
578 2885 748 2969 descripsit
766 2886 846 2950 mihi
865 2905 945 2968 quae
965 2890 1091 2950 nostrae
1111 2884 1179 2966 spei
1197 2885 1401 2951 adcommoda

256 2989 422 3068 iudicauit,
457 2991 541 3072 quod
572 2994 688 3056 terram
721 2992 831 3058 lecerit
863 2992 952 3069 deus,
987 2991 1071 3074 quod
1102 2990 1286 3075 produxerit
1320 2994 1401 3056 terra
1455 2994 1472 3049 C

256 3095 345 3160 iuxta
368 3096 417 3160 dei
442 3098 668 3180 omnipotentis
692 3098 860 3182 imperium
885 3099 1163 3182 operationemque
1188 3098 1308 3163 domini
1330 3098 1400 3165 Iesu

256 3201 398 3285 uirgulta
430 3203 467 3268 de
500 3204 592 3270 torris
626 3208 658 3269 et
689 3224 815 3270 ornnem
853 3204 989 3270 animam
1026 3204 1189 3269 uiuentem
1227 3204 1438 3271 secundumn

346 3428 443 3483 4Bas.
466 3428 516 3483 188
535 3429 591 3493 CD,
613 3431 664 3484 189
682 3431 706 3484 Α
726 3430 771 3497 (80
791 3431 850 3495 ΒΕ)
944 3431 974 3485 11
997 3430 1068 3485 Esai.
1087 3430 1132 3496 40,
1153 3432 1186 3485 12
1279 3430 1313 3485 14
1332 3428 1399 3485 Esai.

255 3516 353 3580 tom
410 3518 443 3571 19
461 3518 525 3573 Bas.
545 3518 706 3585 luendo
724 3519 781 3585 DE,
801 3520 835 3574 81
854 3519 889 3586 Α)

292 3659 308 3711 5
323 3657 535 3713 aestimauemnt
547 3659 571 3713 0
583 3664 612 3726 <u
627 3660 676 3714 alt.
687 3660 718 3712 in
731 3664 800 3725 rac)
857 3661 873 3714 6
882 3661 965 3729 priris
979 3661 1046 3715 scire
1061 3676 1111 3715 om.
1122 3658 1159 3725 N,
1173 3658 1313 3721 <ne>scire
1327 3660 1399 3715 Hen-

256 3746 332 3800 ricus
350 3744 468 3801 Schenkl
554 3749 684 3802 lmelius
704 3752 747 3802 est
764 3747 860 3802 om.ll
933 3751 975 3802 est
993 3765 1014 3803 s.
1034 3766 1062 3802 u.
1081 3749 1108 3801 B
1180 3749 1271 3819 spatia
1291 3749 1316 3804 0
1333 3750 1401 3813 (tiu

256 3839 324 3900 ras.)
388 3836 406 3889 8
424 3834 568 3889 barbarum
590 3835 639 3890 ΟΡ
656 3842 682 3890 et
699 3836 779 3890 ΜΘ
797 3836 972 3891 barbarorum
994 3838 1076 3892 Gma
1095 3844 1141 3893 cet.
1206 3838 1222 3892 9
1242 3837 1400 3907 conprehin-

257 3921 320 3976 dere
341 3922 371 3986 C,
395 3924 426 3975 in
450 3940 503 3992 quo
527 3924 615 3978 uerba
637 3926 703 3979 inde
722 3943 740 3978 a
759 3942 849 3995 conpr.
874 3943 958 3995 sasque
981 3926 1021 3980 ad
1043 3926 1133 3997 palmo
1159 3930 1196 3991 (u.
1225 3926 1271 3995 12)
1294 3928 1326 3979 in
1346 3940 1400 3980 roa.

256 4011 322 4065 min.
341 4011 429 4079 spatii
471 4011 504 4065 10
523 4013 646 4065 omnibus
667 4011 690 4065 ll
711 4017 790 4078 (corr.
810 4017 857 4067 m2
877 4014 913 4081 G)
934 4013 971 4067 N*
1015 4015 1047 4069 15
1066 4015 1188 4068 lucustas
1210 4012 1269 4067 CM
1284 4014 1400 4069 locustas

257 4105 303 4152 cet.
377 4099 437 4169 quis
460 4100 538 4153 CGB
611 4102 644 4155 16
664 4118 723 4154 cum
743 4100 793 4155 deo
813 4106 979 4172 potestatem
1000 4106 1052 4170 (-te
1070 4102 1109 4173 Β)
1128 4101 1229 4157 audeat
1248 4107 1302 4169 (·et
1318 4102 1355 4167 Β)
1374 4106 1400 4154 et

256 4188 318 4257 (om.
337 4188 375 4254 B)
396 4188 536 4242 scientiam
555 4188 641 4243 MSB
713 4192 747 4243 20
767 4192 872 4261 accepit
893 4190 916 4244 0
933 4192 959 4263 (e
978 4208 1012 4245 ex
1030 4192 1039 4245 i
1057 4196 1114 4257 md)
1189 4192 1222 4245 21
1243 4190 1398 4261 filosopbias

255 4275 358 4333 ardu
373 4276 502 4330 filosofiae
524 4278 626 4335 CGPlI
724 4278 891 4333 doctrines)
978 4280 1079 4333 rationi
1103 4278 1150 4333 VS
1166 4279 1272 4334 ratione
1294 4278 1398 4335 emsa

256 4365 361 4419 ratione
383 4364 455 4419 Gmi
473 4372 521 4421 cat.
