3142 4967
348 469 391 521 ue
410 467 477 524 eon
497 471 525 521 ee
542 466 612 520 eeu
629 467 658 520 11
676 469 702 532 e,
721 467 763 520 m.
783 467 818 520 22
856 466 951 534 (1215
971 467 1082 522 n-ere
1102 468 1143 534 u).
1258 472 1326 535 397

174 666 341 745 peccatum
369 663 454 727 secta
482 665 569 728 esset
597 662 666 726 eius
690 662 801 726 cretio.
834 661 957 743 quando
982 662 1067 726 enim
1089 663 1193 746 magis
1218 661 1256 724 sb
1280 661 1325 726 in-

174 770 270 836 iustis
308 770 457 852 operibus
494 789 531 834 ac
569 768 685 834 studiis
722 767 881 833 abstinere
918 768 1071 833 debemus
1112 788 1207 851 quem
1249 773 1325 834 tunc

175 877 298 960 quando
332 877 384 942 dei
415 877 574 942 iustitiam
607 879 792 961 precamur?
825 878 857 941 et
884 875 956 940 ideo
986 876 1142 955 domiuus,
1171 879 1209 940 ut
1239 876 1326 941 cordi

173 985 267 1050 nobis
304 987 391 1049 esset
425 983 561 1060 iustitie,
601 983 711 1048 boati
747 981 853 1065 inquit
889 982 955 1064 qui
995 983 1324 1065 persecutionem

144 1091 388 1175 spatiuntur
414 1091 584 1174 propter
612 1090 839 1166 iustitiam
864 1090 1046 1172 ipsorum
1070 1092 1134 1153 est
1156 1092 1371 1172 regnumc

173 1200 389 1264 coelorum.
423 1198 501 1264 haec
530 1197 633 1262 deluit
660 1197 774 1273 ludam
803 1216 876 1260 nem
900 1197 927 1261 si
952 1195 1118 1273 adfuisset,
1143 1215 1204 1260 non
1229 1195 1325 1260 tredi-

172 1305 275 1370 disset
312 1304 487 1381 dominum,
525 1324 586 1369 uon
623 1304 817 1388 prodidisset
852 1305 1053 1388 magistrum.
1092 1303 1194 1370 defuit
1230 1304 1323 1368 secri-

171 1412 244 1476 fieio
277 1411 373 1476 etiem
407 1411 483 1477 Cain
516 1411 623 1488 istius,
656 1412 711 1493 qui
744 1411 772 1475 si
804 1411 963 1476 tenuisset
993 1410 1162 1487 iustitiam,
1196 1409 1323 1477 domino

171 1519 283 1583 debuit
305 1518 471 1601 primitius
492 1537 633 1597 munera,
658 1537 719 1583 nou
742 1518 920 1600 posteriora
939 1517 1068 1583 deferre.
1094 1517 1196 1582 defuit
1214 1517 1323 1600 itaque

17 1654 18 1669 ι
129 1647 153 1686 ιο
172 1625 202 1689 ci
229 1625 358 1701 diuisio‚
386 1625 522 1707 ideoque
549 1643 738 1708 responsum
766 1625 824 1689 ait:
858 1625 892 1688 si
920 1627 1030 1689 recte
1059 1625 1224 1703 offeras,
1248 1642 1322 1688 non

171 1737 285 1797 recte
314 1735 448 1797 eutem
479 1731 652 1808 diuinas,
681 1731 884 1814 peccasti3
910 1731 1086 1815 quiesce.
1111 1731 1202 1796 uides
1227 1751 1322 1814 quen-

171 1841 241 1904 tum
271 1840 315 1903 sit
341 1839 425 1903 uitii.
453 1839 510 1903 ubi
539 1839 629 1904 deest
656 1837 784 1914 diuisio,
814 1838 858 1903 ibi
886 1839 989 1903 toturn
1022 1837 1212 1904 sacrificium
1241 1837 1322 1904 refu·

171 1949 269 2010 tatur.

90 2051 126 2112 22
217 2053 370 2135 Superest
400 2054 439 2117 nt
471 2052 509 2117 de
542 2053 692 2118 continua
723 2055 756 2118 et
788 2051 857 2136 iugi
885 2051 1027 2117 oratione
1057 2052 1209 2128 dicemus,
1238 2051 1323 2133 quod
1341 2061 1368 2114 D

17 2182 18 2185 ¹
128 2179 153 2219 ιε
170 2159 321 2224 inmorari
344 2178 401 2224 nos
416 2162 458 2224 et
479 2177 593 2225 uacare
618 2159 752 2224 orationi
776 2162 910 2241 oportet.
939 2158 1147 2241 pernoctabat
1175 2158 1322 2224 dominus

170 2265 201 2328 in
241 2266 394 2344 oratione,
431 2285 492 2330 non
529 2269 566 2331 ut
603 2266 665 2331 sibi
689 2266 879 2349 prodesset,
920 2266 974 2329 eed
1014 2270 1050 2329 ut
1086 2283 1143 2330 nos
1186 2264 1321 2329 doceret.

169 2371 318 2454 frequens
347 2372 430 2437 enim
463 2373 563 2438 oratio
598 2373 755 2457 quendem
789 2376 937 2456 operetur
969 2373 1169 2454 disciplinam
1204 2370 1321 2448 orandi,

171 2478 246 2559 quie
276 2479 346 2560 ipse
379 2498 458 2544 usus
492 2479 647 2544 docibiles
680 2479 730 2544 dei
763 2479 851 2556 iecit,
885 2479 1072 2544 indocibiles
1109 2478 1320 2562 neglegentia.

171 2585 253 2650 bona
280 2587 380 2670 igitur
406 2587 597 2652 exercitatio.
631 2587 766 2669 denique
795 2587 933 2670 eorporis
962 2587 1066 2651 uirtus
1100 2585 1322 2650 exercitatione

129 2716 153 2756 ro
172 2695 308 2774 augetur
328 2693 496 2775 frequenti,
521 2696 554 2758 et
577 2694 781 2758 inexercitata
803 2693 958 2758 minuitur·
982 2695 1014 2757 et
1036 2692 1167 2768 lebiton
1192 2691 1321 2772 plurimi

172 2799 254 2862 enim
283 2799 423 2864 exercitii
452 2799 671 2864 dissuetudine
700 2801 798 2864 etiem
822 2799 997 2864 ueturelem
1021 2797 1196 2862 dissoluere
1220 2797 1320 2861 uirtu-
1344 2806 1368 2860 ll

171 2907 246 2969 tem.
276 2905 425 2970 similiter
450 2907 572 2970 animae
595 2906 750 2972 fortitudo
775 2905 1008 2971 exercitationis
1032 2904 1224 2969 adsiduitate
1248 2904 1321 2967 soli-

172 3011 273 3090 detur,
308 3015 345 3076 ut
375 3012 465 3077 labor
495 3014 565 3095 ipse
598 3013 784 3096 disciplinae
818 3013 861 3079 sit
893 3031 954 3077 non
984 3011 1071 3076 oneri
1098 3011 1237 3087 futurus,
1266 3009 1321 3075 sed

170 3119 255 3184 usui.
279 3119 364 3184 huno
388 3119 495 3184 cibum
514 3120 612 3183 menti
631 3123 759 3184 nostroe
779 3119 968 3195 deferemus,
990 3119 1045 3200 qui
1064 3119 1166 3182 multe
1185 3116 1321 3184 adtritus

134 3224 377 3290 remeditstione
401 3245 438 3290 ec
460 3225 580 3306 politus
605 3245 659 3291 cor
680 3226 819 3291 bominis
845 3226 929 3290 siout
950 3225 1032 3289 illud
1053 3226 1189 3289 coeleste
1209 3242 1322 3288 manue

260 3485 393 3557 enaret.
413 3489 437 3548 6,
458 3487 491 3541 33
547 3488 564 3540 4
586 3486 685 3540 Mattb.
712 3489 737 3552 5,
762 3487 796 3539 10
877 3487 910 3539 14
933 3485 1012 3538 Philo
1037 3483 1070 3538 dc
1096 3502 1161 3538 sacr.
1187 3487 1221 3540 26
1246 3486 1319 3552 (180,

173 3575 428 3640 19;1238,10.)
499 3575 714 3641 15Luc.6,12
771 3575 804 3628 18
823 3575 880 3629 loh.
901 3575 925 3638 6,
945 3576 979 3627 lt
1046 3575 1079 3627 22
1099 3574 1178 3627 Philo
1199 3575 1232 3628 de
1252 3592 1319 3631 surr.

171 3664 205 3718 26
223 3664 297 3729 (180,
320 3665 363 3727 12;
383 3664 477 3727 1237,
498 3664 529 3718 11
552 3664 593 3734 0.)
648 3664 760 3720 seloh.
781 3667 807 3730 6,
827 3665 862 3718 32

204 3840 305 3892 2tuuc
324 3839 407 3892 etiem
427 3838 454 3890 B
543 3839 719 3908 3precsmur
737 3837 836 3906 scripsi
854 3837 1042 3907 praedicemus
1062 3838 1097 3891 M
1117 3837 1236 3892 Uindob.
1259 3843 1320 3893 758

169 3926 284 3981 Monac.
303 3931 401 3980 14399
418 3927 564 3996 depcsmur
581 3933 629 3982 cet.
725 3929 741 3981 5
762 3927 889 3997 quoniam
908 3928 1026 3996 ipsorum
1045 3927 1073 3979 P
1092 3928 1229 3996 (quonium
1248 3945 1269 3982 s.
1288 3946 1316 3982 rc.

169 4020 225 4083 m2)
244 4015 324 4082 P‘V5
340 4017 407 4085 [ονε.
426 4016 544 4086 ipsorum
558 4017 663 4075 (eninr)
746 4018 780 4069 14
800 4015 872 4085 quod
890 4017 917 4070 B
936 4015 1008 4085 quod
1028 4015 1067 4069 ric
1085 4015 1200 4070 Monoc.
1220 4020 1321 4070 14399

170 4105 267 4175 quodsi
286 4111 334 4160 cet.
391 4108 423 4161 16
442 4110 546 4160 utnon
564 4106 675 4160 sibimet
693 4106 721 4159 B
776 4106 809 4159 13
829 4105 863 4158 do
883 4105 917 4158 M
971 4106 1005 4159 29
1025 4105 1253 4172 surpuerat.)
1269 4113 1316 4160 oct.

169 4195 201 4248 21
227 4193 442 4248 dissuetudinem
465 4193 489 4248 S
511 4199 536 4260 (e
554 4211 601 4263 pr.
622 4211 656 4249 cx
677 4195 687 4247 i
710 4199 767 4260 m3)
795 4194 975 4248 dissuitudine
998 4193 1035 4246 M
1056 4199 1081 4246 et
1105 4197 1185 4258 (corr.
1205 4198 1262 4262 1113)
1283 4195 1319 4248 P‘

168 4281 372 4337 dissuetudines
395 4283 423 4336 P
443 4285 467 4355 (e
489 4283 541 4338 ult.
565 4284 645 4350 eras.)
675 4283 701 4335 V
724 4281 903 4336 desuetudine
926 4284 953 4336 B
1043 4282 1078 4335 23
1107 4281 1266 4352 disciplinae
1290 4283 1320 4336 B

168 4372 314 4442 discipline
332 4377 380 4426 cet.
452 4372 547 4426 honeri
566 4373 589 4426 S
607 4372 637 4430 lh
656 4379 737 4439 eros.)
812 4372 911 4434 futuris
931 4370 954 4425 S
971 4371 998 4442 (u
1015 4387 1038 4426 s.
1058 4372 1078 4440 i)
