3142 4967
284 489 351 551 432
759 482 958 536 Ambrosii

284 679 411 742 chartae
426 677 532 761 specie
547 675 693 760 geminus
708 694 816 739 eorum
834 666 970 739 amictus
990 674 1160 739 adseritur:
1186 694 1268 739 unus
1288 674 1432 751 exterior,
1488 678 1504 731 E

286 806 380 870 quem
409 785 595 850 continuum
623 784 712 847 aiunt
734 782 829 864 periti
852 784 906 846 uel
929 782 984 864 qni
1008 782 1165 847 curiosius
1190 780 1324 847 scrutati
1348 785 1432 859 sunt,

286 912 451 957 asummo
477 892 517 956 ad
539 891 640 954 imum
664 889 820 967 directus,
845 878 927 953 alius
952 888 1081 954 interior
1098 894 1262 972 tamquam
1279 889 1433 955 lateribus

285 1000 442 1075 adtentus,
471 997 554 1062 unde
582 998 672 1063 aiunt
698 1014 761 1061 non
790 998 895 1061 totum
923 995 1007 1061 solui
1035 1007 1108 1061 cnm
1135 996 1271 1073 raditum
1304 1014 1377 1060 nam
1409 998 1435 1061 si

285 1106 455 1170 continuus
474 1108 562 1168 osset
578 1103 718 1181 interior,
737 1100 971 1167 inmedicabilis
996 1102 1136 1167 scissura
1159 1104 1227 1167 eius
1252 1102 1344 1167 foret.
1368 1102 1435 1167 illic
1463 1122 1474 1161 r

284 1232 341 1296 per
358 1231 479 1276 moram
499 1200 740 1275 adiunctionem
759 1209 926 1273 adhaerere
951 1206 1093 1274 cibomm
1116 1210 1282 1293 reliquias3
1308 1228 1389 1291 quae
1409 1209 1436 1273 si

286 1319 504 1383 adiunctiones
518 1318 694 1394 soluantur,
715 1315 847 1381 transire
867 1308 1009 1380 semesos
1029 1314 1117 1380 cibos
1138 1319 1169 1380 ct
1186 1317 1282 1397 potus
1302 1315 1434 1381 defluos.

218 1415 261 1477 30
285 1425 345 1491 hoc
369 1429 420 1489 ost
442 1425 579 1490 hominis
604 1424 774 1488 diluuium.
798 1422 882 1488 unde
905 1422 984 1486 mihi
1008 1421 1137 1485 uidetur
1155 1441 1210 1504 per
1228 1438 1320 1487 arcae
1339 1422 1434 1486 huius
1488 1422 1504 1475 F

285 1532 420 1617 figuram
453 1532 598 1597 uoluisse
630 1531 725 1595 deum
758 1548 816 1595 nos
850 1522 979 1595 edocere
1012 1529 1279 1611 quomadmodum
1309 1530 1347 1594 ab
1377 1530 1434 1595 hoo

285 1638 417 1722 speciali
438 1638 501 1702 tuti
525 1638 626 1702 simus
651 1637 784 1701 diluuio.
809 1636 988 1718 corruptela
1011 1636 1093 1700 onim
1117 1635 1231 1700 diluuii
1255 1654 1355 1701 causa
1378 1641 1434 1699 est.
1454 1660 1473 1697 n

286 1764 324 1809 ea
351 1746 407 1810 ubi
433 1744 612 1828 inrepserit,
640 1743 825 1827 aperiuntur
858 1760 968 1824 aquae,
1002 1740 1159 1805 ebulliunt
1191 1759 1300 1805 omnes
1333 1742 1435 1806 fontes

286 1852 509 1935 cupiditatum,
535 1851 572 1915 ut
592 1853 695 1915 totum
722 1862 836 1931 corpus
860 1847 949 1913 tanto
973 1851 1005 1925 et
1023 1842 1089 1912 tarn
1106 1847 1263 1932 profundo
1282 1847 1436 1913 uitiorum

283 1944 443 2040 ‘profluuio
473 1959 644 2041 mergatur.
673 1955 753 2019 nihil
781 1958 831 2020 est
859 1955 941 2019 enim
970 1954 1053 2037 quod
1081 1956 1147 2019 tam
1175 1954 1311 2019 miseras
1340 1955 1436 2019 serui·

287 2065 351 2128 tuti
370 2064 509 2129 subiciat
526 2054 687 2128 hominem
708 2080 803 2145 quam
822 2061 921 2126 libido
941 2064 1036 2144 atquo
1055 2060 1213 2126 eiusmodi
1232 2060 1435 2143 cupiditates.

288 2188 367 2251 quac
395 2171 471 2253 ingo
500 2169 637 2253 quodam
665 2169 834 2233 criminum
863 2169 952 2253 graui
980 2168 1163 2251 deprimunt
1189 2168 1341 2233 miseram
1366 2188 1435 2233 con·
1453 2194 1474 2232 n

288 2276 465 2353 scientiam,
494 2281 531 2341 ut
558 2295 592 2340 sc
620 2279 757 2359 nequeat
784 2274 948 2353 adtollere,
981 2276 1092 2359 utpote
1125 2292 1205 2357 quac
1238 2274 1435 2339 innocentiae

287 2384 468 2448 libertatem
492 2382 644 2447 amiserit.
668 2382 841 2447 maximum
865 2401 939 2465 ergo
963 2380 995 2445 iri
1018 2382 1079 2448 hoc
1102 2382 1225 2446 diluuio
1247 2381 1433 2459 remedium,

286 2494 324 2554 ut
349 2490 472 2555 iustum
504 2489 661 2573 praeferas
694 2508 831 2571 eumque
863 2489 1004 2554 mandati
1037 2489 1184 2554 caelestis
1217 2492 1433 2554 exsecutorem
1472 2498 1535 2553 assi

287 2599 397 2682 eligas.
426 2598 498 2680 quis
527 2600 578 2661 cst
603 2596 710 2660 iustos
738 2597 771 2660 in
800 2595 891 2661 nobis
919 2596 982 2661 nisi
1008 2594 1125 2660 mentis
1149 2596 1251 2680 uigor,
1276 2596 1333 2677 qui
1355 2596 1434 2660 intra

242 2745 246 2751 .
286 2704 382 2768 istam
405 2723 509 2768 arcam
531 2704 676 2768 includat
699 2697 790 2768 omne
809 2696 1018 2769 animantium
1038 2722 1149 2787 genus,
1169 2703 1254 2787 quod
1273 2706 1326 2768 ost
1344 2722 1437 2785 super
1452 2729 1475 2767 rc

287 2814 422 2875 terram?
447 2810 559 2875 cohibe
582 2829 657 2893 ergo
680 2814 713 2874 et
735 2814 770 2875 tu
796 2830 905 2875 omnes
924 2810 1160 2876 inrationabiles
1180 2810 1347 2894 passiones
1364 2812 1435 2875 tuas

287 2935 458 3000 omnesque
491 2936 605 2981 sensus
638 2922 712 2981 tuos
745 2918 845 2983 menti
877 2917 986 2987 subice
1019 2918 1179 3001 animique
1211 2917 1355 2999 imperiis
1385 2916 1435 2981 ad-

287 3043 407 3089 suesce.
436 3014 562 3088 enolaro
586 3024 669 3089 foras
694 3044 753 3089 non
780 3026 865 3090 sinas
891 3024 1082 3106 cupiditates
1106 3024 1189 3101 tuas,
1214 3024 1296 3089 exire
1316 3024 1347 3088 in
1367 3024 1434 3087 uol-

286 3150 346 3213 gus
378 3130 559 3195 libidinem:
597 3135 629 3195 et
659 3150 717 3216 per
747 3130 967 3196 rationabilem
1004 3134 1144 3195 mentem
1179 3131 1301 3213 poteris
1339 3132 1432 3196 etiam

285 3237 520 3301 inrationabilia
542 3242 599 3303 tna
621 3241 654 3302 et
675 3238 829 3302 inmunda
848 3243 978 3321 peccata
998 3238 1035 3303 ab
1056 3239 1141 3303 omni
1159 3238 1299 3322 periculo
1320 3236 1471 3302 diluatis
1488 3244 1503 3296 Β

285 3343 428 3409 liberare.
1172 3342 1174 3347 ’

180 3447 282 3529 10,31
332 3450 472 3516 Omnia
503 3453 608 3534 inquit
635 3469 735 3534 quae
766 3452 924 3518 suntin
953 3456 1063 3517 terra
1088 3454 1325 3518 morientur.
1359 3448 1434 3534 quid

286 3558 397 3640 utique
419 3562 510 3623 muta
533 3558 731 3641 deliquerant
754 3558 946 3624 animantia?
974 3579 1037 3641 qna
1065 3578 1161 3625 causa
1188 3560 1332 3624 subiecta
1361 3564 1435 3623 sunt
1488 3564 1504 3617 r

285 3685 415 3749 poenae,
444 3686 525 3750 quae
552 3666 703 3748 peccandi
732 3686 861 3731 sensum
890 3686 950 3731 non
979 3666 1116 3731 habent?
1146 3667 1201 3731 sed
1232 3664 1434 3749 quemadmo-

374 3911 407 3964 27
429 3908 495 3964 Gen.
516 3911 540 3974 6,
562 3910 594 3964 17
614 3909 695 3964 Philo
716 3909 826 3975 Quaest.
845 3910 908 3963 119

322 4037 335 4089 l
357 4034 483 4088 chartaae
503 4035 531 4087 P
547 4033 688 4103 (charthar
707 4050 777 4088 corr.
797 4038 847 4098 ml,
865 4037 911 4089 tae
930 4050 951 4088 a.
973 4034 1038 4087 thae
1054 4033 1183 4104 proptio)
1204 4034 1313 4087 chartae
1331 4034 1357 4087 T
1374 4050 1431 4087 car-

286 4123 350 4176 thae
372 4123 404 4177 T‘
423 4127 513 4177 cartae
531 4122 589 4175 NB
690 4124 722 4175 10
742 4124 825 4191 enim]
846 4124 983 4177 autemB
1084 4125 1113 4177 ll
1136 4124 1294 4187 sarrrle
1315 4124 1387 4190 erp.)
1410 4121 1433 4173 Τ

321 4212 436 4280 inrepsit
455 4213 482 4265 B
548 4212 580 4265 13
599 4211 682 4264 fluuio
704 4212 759 4263 ΝΒ
833 4218 875 4264 est
893 4228 944 4265 om.
966 4214 991 4264 B
1060 4213 1093 4266 14
1112 4212 1249 4265 hominem
1268 4210 1388 4263 subiciat
1405 4210 1431 4263 B

320 4299 475 4353 huiusmodi
498 4301 522 4352 Τ
526 4301 558 4354 T‘
642 4301 673 4353 16
692 4300 847 4353 libertatem
866 4300 1038 4356 innocentiae
1055 4302 1088 4354 N
1166 4302 1198 4353 ll
1219 4300 1320 4353 diluuio
1341 4304 1384 4352 cst
1402 4296 1434 4351 N

321 4388 630 4458 remediumeP(cs.
652 4388 736 4454 u)B
792 4387 988 4457 28itaqncN
1057 4388 1102 4457 qni
1123 4388 1277 4455 (as.i)P
