3142 4967
386 444 534 498 Exarueron
553 443 594 497 III
614 444 640 506 3,
661 443 702 497 13.
724 443 756 495 14
794 442 819 507 (Ι
838 442 872 495 38
892 440 984 496 0-39
1004 441 1048 505 Β).
1239 442 1281 507 69

137 639 233 703 maria
252 642 286 703 et
306 658 403 704 unum
423 642 473 703 est
492 656 587 715 mare,
609 638 693 701 sicut
716 636 761 701 ait
784 636 940 720 propheta
962 634 1090 700 dicens:
1115 634 1172 699 tui
1195 636 1284 699 sunt

138 745 232 811 caeli
276 750 313 811 et
353 749 418 810 tuo
460 748 519 810 est
552 748 669 818 terra;
710 744 835 807 orbem
871 746 1057 807 terrarum
1094 745 1131 807 et
1166 740 1282 823 pleni-

138 852 305 917 tudinem
349 853 431 917 eius
472 856 513 917 tu
555 850 745 915 fundasti(
780 850 995 933 aquilonem
1032 852 1068 913 et
1105 866 1204 913 mare
1241 852 1283 913 tu

138 961 287 1025 creasti.
322 964 354 1024 et
386 959 425 1023 ad
458 959 514 1023 Iob
551 960 621 1041 ipse
659 958 807 1024 dominus
845 956 908 1021 ait:
946 956 1121 1022 conclusi
1158 959 1282 1021 autem

108 1084 231 1129 ornare
256 1066 393 1149 portis.

63 1177 94 1237 ll
177 1171 271 1237 Nunc
293 1172 423 1255 quiade
443 1191 505 1235 uno
525 1170 710 1235 collectione
731 1169 880 1246 diximus,
900 1168 982 1233 illud
1001 1168 1148 1245 occurrit,
1162 1178 1281 1242 utrum,
1300 1176 1322 1229 F

136 1298 206 1343 cunr
235 1298 293 1361 per
321 1298 445 1345 omnem
474 1278 539 1342 lere
567 1282 683 1341 terram
712 1280 744 1341 et
771 1279 1009 1358 superterram
1036 1275 1156 1339 fuerint
1182 1294 1282 1357 aquae

135 1386 268 1451 diffusae
288 1406 344 1469 per
362 1385 526 1449 uallestria
545 1402 702 1467 agrorum,
722 1402 862 1448 concaua
879 1382 1037 1447 montium
1053 1382 1282 1464 planitiemque

135 1512 332 1576 camporum,
346 1492 441 1557 modo
458 1491 602 1575 aequoris
618 1491 689 1555 fusa
709 1490 913 1574 congregatio
932 1508 995 1553 una
1012 1489 1154 1573 potnerit
1172 1508 1282 1555 omnes

96 1622 117 1660 ιο
134 1600 205 1663 illas
230 1618 330 1682 aquas
354 1600 492 1681 recipere
517 1602 611 1679 atque
635 1596 792 1661 exinanire
815 1601 926 1673 terras,
944 1617 1025 1680 quae
1045 1600 1117 1662 ante
1135 1597 1209 1663 fuso
1227 1616 1283 1679 per

136 1707 322 1771 uniuersum
358 1706 488 1770 flumine
527 1706 765 1789 stagnabantur.
803 1724 876 1769 narn
913 1705 942 1769 si
973 1704 1019 1769 ita
1052 1708 1162 1787 operta
1193 1707 1282 1769 erant

135 1812 238 1876 omnia
257 1848 302 1859 -
321 1831 382 1877 non
403 1812 486 1876 enim
505 1813 624 1877 diceret
639 1811 721 1877 ‘uisa
740 1814 790 1876 est
807 1816 911 1889 tend,
930 1812 993 1877 nisi
1010 1814 1163 1876 retectam
1182 1813 1283 1877 uellet
1300 1817 1369 1871 39A

135 1920 212 1984 locis
237 1918 386 1983 omnibus
411 1918 625 1983 demonstrare
648 1956 702 1995 —‚
727 1918 755 1983 si
782 1918 941 1983 diluuium
969 1918 1038 1983 Noe
1062 1921 1205 2000 tempore
1229 1920 1281 1983 ab·

136 2026 261 2091 scondit
289 2028 320 2089 et
348 2029 483 2102 montes,
512 2025 635 2107 quando
664 2044 817 2107 aquarum
844 2026 909 2089 iam
937 2029 970 2090 et
997 2044 1092 2107 super
1120 2026 1225 2090 caelos
1249 2029 1281 2090 et

96 2154 117 2192 c
133 2130 211 2195 intra
225 2131 461 2195 firmamentum
476 2131 580 2196 fuerat
593 2132 678 2196 faeta
694 2130 862 2196 discretio:
882 2135 1000 2213 quanto
1019 2132 1122 2215 magis
1142 2130 1280 2196 dubitari

134 2256 192 2302 nou
215 2240 327 2319 potest
350 2237 445 2301 etiam
469 2238 627 2302 montium
649 2238 788 2303 uertices
806 2239 862 2302 illa
880 2238 1100 2321 superfusione
1118 2239 1280 2303 latuisse?

135 2363 194 2425 quo
218 2344 321 2430 igitur
343 2344 398 2408 illa
423 2344 523 2409 omnis
544 2364 696 2427 aquarum
715 2344 926 2409 redundantia
944 2344 1086 2409 deriuata
1105 2348 1179 2410 est?
1198 2364 1279 2427 quae

133 2453 335 2533 receptacula
358 2470 427 2515 eam
450 2456 514 2515 tam
539 2451 807 2534 continuantque
832 2470 948 2517 conexa
975 2452 1142 2517 absorbere
1168 2457 1280 2534 potne-

60 2562 92 2622 15
134 2561 229 2621 runt?
262 2556 299 2621 de
329 2577 391 2639 qno
421 2558 542 2622 multus
566 2558 657 2623 nobis
681 2562 789 2641 potest
811 2578 913 2623 sermo
938 2559 1115 2641 subpetere.
1140 2560 1321 2642 primumB

93 2691 116 2728 n
134 2665 205 2746 qnia
246 2666 355 2748 potuit
396 2668 516 2729 creator
556 2663 698 2730 omnium
740 2668 772 2729 et
807 2666 948 2747 ipsarum
984 2669 1138 2730 ternarum
1176 2666 1279 2748 spatia

133 2771 317 2849 diffundere,
347 2772 431 2855 quod
460 2771 558 2854 aliqui
588 2774 658 2837 aute
687 2792 744 2837 uos
773 2774 995 2838 confirmantes
1027 2772 1153 2857 propria
1183 2791 1278 2855 posu-

134 2881 223 2943 erunt
253 2878 418 2943 sententia.
449 2898 508 2962 ego
538 2878 615 2961 qnid
642 2880 746 2944 fecere
774 2879 915 2963 potuerit
946 2900 1008 2944 non
1039 2879 1276 2963 praetermitto:

134 2986 207 3066 quid
230 2985 353 3062 fecerit,
379 2985 462 3067 quod
487 2989 593 3069 aperte
617 2987 847 3068 scripturarum
870 2988 1060 3051 auctoritate
1084 3007 1144 3053 non
1169 2986 1276 3065 didici,

133 3093 221 3173 quasi
246 3096 404 3157 secretum
428 3096 601 3175 praetereo,
624 3113 663 3158 ne
686 3094 767 3159 forte
793 3094 889 3158 etiam
912 3094 986 3158 hinc
1005 3094 1084 3159 alias
1103 3093 1165 3158 sibi
1183 3112 1277 3177 qnae-

94 3220 116 3260 n
133 3199 250 3263 stiones
287 3200 456 3281 requirant.
496 3199 605 3265 adsero
644 3203 748 3265 tamen
787 3200 963 3265 secundum
996 3200 1169 3284 scripturas
1203 3201 1278 3283 qnia

133 3306 238 3385 potnit
261 3305 404 3371 locorum
427 3306 562 3371 humilia
586 3310 618 3371 et
641 3326 824 3389 carnpomnr
849 3311 957 3391 aperta
980 3308 1164 3385 diffundere,
1192 3307 1277 3371 sicut

133 3410 198 3493 ipse
238 3412 302 3476 ait:
341 3430 407 3497 ego
447 3416 530 3477 ante
569 3418 604 3478 te
641 3413 841 3479 ambulabo
880 3418 915 3479 et
955 3417 1101 3479 montes
1141 3412 1316 3497 planosc

221 3622 233 3673 1
255 3620 356 3673 Psalrn.
376 3620 538 3675 LXXXVIII
559 3622 592 3675 12
612 3638 651 3690 eq.
759 3620 844 3675 4101)
864 3622 942 3685 38,8
1057 3622 1090 3675 13
1111 3620 1175 3675 Gen.
1196 3624 1220 3686 7,
1240 3623 1275 3676 20

134 3708 163 3760 ’21
182 3708 254 3763 Esai.
274 3711 318 3771 45,
338 3710 353 3763 2

166 3832 181 3885 3
199 3835 230 3885 tu
250 3832 373 3886 fundasti
391 3849 442 3887 orie.
463 3830 486 3884 ll
567 3835 582 3886 7
603 3850 688 3903 aquae
708 3834 821 3889 diffusae
843 3834 997 3888 Cditl'usne
1016 3850 1101 3904 aquae
1121 3838 1216 3905 (atque
1237 3836 1273 3901 G)

136 3918 300 3974 GPVMSB
319 3918 417 3973 diffusa
436 3936 504 3990 quae
518 3920 586 3975 aar
606 3920 704 3974 diffusa
723 3938 808 3990 eaque
821 3922 865 3975 Μ’
918 3923 935 3975 9
954 3922 1039 3975 effusa
1056 3922 1094 3975 M
1163 3938 1273 3992 congre-

135 4009 239 4075 gatione
254 4006 341 4064 nore
361 4012 405 4073 (ne
425 4008 476 4062 del.
494 4008 557 4074 Gli)
579 4010 818 4079 congregationem
831 4010 899 4066 Μ’
938 4012 968 4063 11
986 4014 1064 4063 amnt
1080 4010 1104 4063 (J
1122 4014 1200 4075 (corr.
1214 4015 1272 4078 m3)

137 4096 166 4149 13
184 4096 317 4149 dllnuinnr
337 4100 384 4149 m3
400 4096 423 4149 (J
439 4100 487 4149 rut
503 4096 553 4152 Gar
572 4096 658 4151 diluui
678 4096 785 4154 (diluuii
800 4098 834 4162 S)
854 4102 882 4151 et
896 4098 953 4152 MS
971 4097 1066 4151 diluuii
1083 4098 1157 4155 ena
1171 4104 1214 4152 ml
1225 4106 1274 4153 cet.

136 4186 165 4237 15
184 4185 303 4239 dubitari
324 4184 464 4243 GPVa¹s
481 4192 506 4240 el
525 4190 571 4239 m2
588 4186 615 4240 B
635 4185 758 4240 dubitare
778 4188 806 4240 B
823 4192 866 4241 ml
885 4192 932 4241 cet.
1029 4188 1061 4240 ‘21
1083 4186 1232 4243 diffundere
1253 4189 1277 4242 C

134 4277 215 4343 lepr.
236 4274 372 4341 acina-3)
423 4274 458 4329 22
476 4280 501 4329 et
519 4292 545 4345 p.
566 4275 608 4339 70,
630 4276 643 4329 1
665 4276 836 4341 faeereC(e
850 4292 896 4345 pr.
915 4277 1051 4342 exiled)
1103 4278 1273 4331 ‘23auctori-

135 4366 213 4417 tatem
235 4367 272 4430 (m
293 4363 355 4431 del.)
379 4362 428 4417 CP
499 4362 586 4419 dedici
608 4364 728 4431 C(eorr.
746 4370 804 4433 uc3)
865 4367 1052 4435 aspectoris
1074 4368 1098 4419 (J
1115 4371 1195 4431 (corr.
1214 4371 1272 4433 m3)
