3142 4967
251 443 317 507 380
720 438 920 494 Ambrosii
986 487 990 496 .

249 634 321 700 ideo
354 633 491 717 adpositi
524 637 601 699 sunt
636 633 826 712 armentarii,
865 634 1018 718 opiliones
1058 636 1217 717 ceterique
1255 638 1398 718 pastores

251 740 379 823 quidam
406 741 553 825 magistri
581 761 726 826 gregum,
755 741 861 806 officia
885 761 943 806 sua
966 741 1086 825 singuli
1108 760 1165 824 pro
1189 742 1397 808 animantium

202 838 227 900 4
251 848 494 914 commissorum
519 848 579 914 sibi
604 847 787 914 condicione
811 849 994 916 formantes.
1023 848 1153 913 uidetur
1175 868 1249 932 ergo
1275 853 1307 914 et
1329 869 1398 913 sen·

249 974 346 1020 suum
375 959 555 1020 nostrorum
584 955 743 1036 quoddam
767 975 868 1040 genus
892 954 978 1020 aliud
1003 955 1161 1020 domitum
1184 960 1397 1032 mansuetum,

250 1063 337 1127 aliud
359 1063 563 1140 indomitum,
588 1062 672 1145 quod
695 1062 883 1128 armentario
907 1063 1043 1144 quodam
1062 1066 1151 1128 motu
1172 1063 1288 1129 mentis
1307 1063 1399 1127 uelut
1426 1085 1438 1124 s

250 1170 358 1234 deside
382 1173 478 1252 atque
500 1170 643 1236 resoluto
668 1173 798 1252 proruat
822 1169 861 1234 ad
879 1169 1117 1234 inrationabiles
1137 1170 1278 1252 corporis
1297 1170 1396 1235 delec-

247 1277 396 1354 tationes,
418 1280 622 1343 mansuetum
641 1280 758 1354 autem,
779 1275 863 1358 quod
883 1276 974 1340 uelut
992 1275 1065 1340 duci
1085 1276 1211 1341 cuidam
1230 1274 1396 1342 moderati·
1454 1285 1472 1338 ll

249 1383 302 1448 oni
316 1383 431 1448 mentis
447 1403 480 1448 se
496 1383 634 1448 subiciat
652 1386 685 1448 et
703 1383 830 1448 subdat.
850 1402 1069 1466 quaecumque
1089 1403 1163 1468 crgo
1183 1383 1252 1448 eius
1268 1386 1395 1448 naturae

245 1494 412 1574 reguntur,
429 1510 465 1556 ea
480 1494 556 1556 sunt
574 1491 751 1556 masculina
771 1494 865 1574 atque
883 1491 1032 1574 perfecta,
1052 1509 1271 1573 quaecumque
1291 1495 1395 1556 autem

248 1597 316 1661 sine
349 1597 429 1663 duce
460 1596 527 1662 ullo
565 1597 689 1680 plebeia
727 1597 862 1679 quadarn
899 1598 1157 1681 praesumptione
1185 1597 1393 1663 dominantur.
1415 1618 1436 1658 ro
1548 1650 1549 1688 q

248 1704 340 1768 uelut
372 1703 514 1770 ciuitatis
545 1704 693 1782 alicuius,
727 1723 808 1786 quae
840 1705 925 1789 regis
959 1704 1224 1787 optimatiumque
1263 1705 1393 1769 oonsilio
1548 1693 1549 1718 ²

247 1810 373 1894 priuata
395 1811 449 1889 sit,
473 1812 520 1876 ita
542 1810 681 1894 corporis
701 1811 752 1875 sui
771 1829 896 1876 omnem
916 1814 1036 1875 statum
1056 1814 1088 1874 et
1106 1810 1231 1875 uirilem
1251 1811 1394 1894 uigorem

247 1916 395 1982 muliebri
419 1916 555 1999 quadam
580 1916 790 1982 dissolutione
810 1918 1001 1983 effeminant.
1027 1936 1062 1981 eu
1081 1916 1131 1980 bis
1150 1917 1205 1982 illa
1223 1917 1273 1981 lex
1293 1918 1394 1982 caruis

247 2026 307 2098 est,
327 2043 408 2107 quae
425 2025 531 2108 legem
545 2024 740 2107 apostolicae
754 2024 870 2089 montis
885 2025 1062 2108 inpugnans
1079 2025 1238 2107 captiuam
1252 2023 1395 2088 trahebat
1455 2021 1473 2075 Ε

249 2131 385 2212 quadarn
403 2131 475 2214 lege
494 2134 626 2214 peccati.
650 2135 684 2197 et
700 2131 772 2196 ideo
797 2135 833 2196 ut
856 2131 894 2196 de
918 2131 973 2196 illo
997 2131 1110 2196 mortis
1133 2149 1261 2214 corpore
1284 2130 1391 2196 libera·
1412 2151 1434 2189 a
1519 2152 1523 2161 ·
1549 2211 1550 2234 Χ

250 2239 346 2315 retur,
377 2257 468 2320 spem
496 2258 586 2303 suam
613 2239 734 2304 Paulus
758 2257 883 2303 omnem
906 2239 1022 2302 nonin
1047 2256 1105 2302 sua
1128 2237 1260 2314 uirtute,
1284 2236 1392 2302 sedin

251 2344 371 2408 Christi
398 2345 501 2429 gratia
527 2347 707 2429 reponebat.
736 2346 820 2410 unde
842 2345 949 2427 liquet
976 2343 1061 2426 quod
1089 2344 1146 2409 hae
1180 2344 1393 2409 conmotiones

250 2469 331 2534 quae
360 2453 537 2518 secundum
565 2454 670 2537 legem
696 2452 812 2517 mentis
840 2457 916 2516 sunt
942 2459 1024 2526 <er>
1055 2451 1162 2517 diuino
1190 2451 1299 2516 fauore
1327 2469 1393 2532 pro-

202 2553 377 2636 5codunt‚
406 2559 460 2624 alii
489 2563 594 2624 autem
625 2579 738 2625 sensus
767 2579 803 2624 ex
830 2559 997 2625 uoluntate
1026 2577 1182 2641 corporea.
1212 2557 1271 2622 illa
1298 2558 1394 2641 igitur
1550 2635 1551 2652 χ

250 2683 330 2745 quae
367 2670 477 2731 sancta
513 2670 590 2732 snut
622 2667 787 2749 primitius
819 2669 894 2730 sunt
925 2669 1105 2732 nostrorum
1138 2684 1302 2742 sensuum,
1335 2664 1433 2728 istae
1550 2681 1551 2684 ¹

249 2772 341 2836 uelut
369 2773 407 2838 de
436 2773 571 2855 quodam
600 2792 694 2857 grege
724 2777 799 2838 sunt
826 2775 858 2838 et
885 2773 1009 2838 uilitate
1036 2771 1170 2854 plebeia,
1200 2771 1286 2854 quod
1310 2770 1394 2835 uarie

250 2877 379 2943 uidetur
414 2881 541 2962 Moyses
578 2879 760 2945 nominibus
798 2880 994 2964 significasse
1030 2879 1167 2944 ludaeis.
1214 2878 1276 2943 hoc
1313 2878 1392 2942 enim
1452 2875 1470 2930 F

249 2984 390 3049 declarat
422 2987 518 3050 etiam
550 2987 607 3050 illa
639 3006 711 3051 area
742 2987 824 3071 legis
856 2987 1000 3070 mystica,
1034 2987 1072 3050 de
1101 3005 1163 3068 qua
1192 2986 1250 3050 ait:
1285 2985 1394 3050 initia

251 3110 358 3155 areae
386 3096 473 3157 tuae
503 3096 540 3156 et
576 3093 684 3158 lacus
713 3095 770 3158 tui
803 3113 873 3159 non
915 3093 1125 3159 nouissima
1157 3092 1293 3168 faciem
1326 3091 1393 3174 pri-

250 3198 389 3263 mitius
410 3198 581 3264 liliorum
605 3204 755 3264 tuorum
775 3200 884 3266 dabis
905 3200 1006 3266 mihi.
1031 3203 1158 3264 sanotae
1178 3199 1392 3264 conmotiones
1409 3213 1432 3252 2⁵

249 3323 403 3370 sensuum
437 3309 628 3384 nostrorum,
663 3325 743 3388 quae
781 3307 956 3370 secundum
993 3306 1146 3371 uirtutem
1184 3309 1268 3386 sunt,
1306 3305 1392 3388 ipsae

340 3571 356 3623 3
375 3569 455 3623 Philo
474 3569 508 3623 de
527 3587 593 3623 sacr.
614 3569 647 3622 32
666 3569 739 3640 (183,
758 3571 806 3633 48;
827 3569 839 3622 Ι
859 3571 919 3634 245,
938 3571 955 3622 d
978 3568 1017 3634 0.)
1088 3568 1104 3621 8
1123 3567 1201 3621 Philo
1221 3567 1254 3620 dc
1275 3584 1340 3620 sacr.
1359 3566 1391 3620 32

249 3659 324 3725 (184,
344 3657 584 3726 ululato.)
632 3659 860 3720 14R01n.7‚23
908 3660 940 3714 15
959 3658 1035 3713 Rom.
1057 3659 1081 3722 7,
1100 3657 1135 3711 24
1182 3657 1214 3711 16
1229 3656 1305 3710 Rom.
1321 3657 1344 3718 7,
1358 3655 1390 3708 25

248 3748 284 3802 23
303 3746 387 3802 Exod.
407 3748 450 3809 22,
470 3748 504 3801 29
559 3749 593 3802 25
612 3747 691 3800 Philo
711 3747 744 3800 de
763 3764 830 3802 sacr.
851 3748 885 3801 33
906 3748 976 3814 (184.
996 3747 1044 3804 33:
1064 3746 1157 3808 1246,
1179 3746 1211 3799 10
1232 3745 1274 3810 C.)

287 3908 303 3960 2
321 3907 424 3975 singuli
442 3923 490 3973 pro
509 3905 592 3960 SMA
610 3905 726 3975 singulis
745 3911 793 3959 cet.
836 3907 864 3960 -6
884 3905 1079 3958 delectationes
1098 3905 1216 3974 corporis
1233 3902 1364 3958 ΒΜῬΡ
1371 3900 1394 3952 V

248 3995 267 4048 9
286 3993 434 4047 masculina
452 3991 476 4046 S
493 3993 532 4056 (in
550 4009 570 4044 a
590 3997 630 4059 u.)
687 3995 718 4046 ll
740 3993 966 4062 optimatiumque
985 3993 1007 4046 S
1025 3992 1045 4060 (i
1065 3991 1113 4046 alt.
1133 3996 1214 4057 crus)
1233 3991 1304 4045 ΒΜ
1323 3989 1391 4059 opti·

248 4087 406 4151 metumque
429 4087 477 4134 cet.
569 4081 600 4134 17
624 4080 807 4150 respondebat
831 4080 917 4135 SAA‘
1023 4079 1091 4134 haec
1114 4082 1140 4132 A
1165 4083 1191 4144 (c
1214 4083 1296 4142 eros.)
1317 4076 1391 4130 ΜΨ

254 4171 285 4224 18
302 4171 363 4230 <em
384 4177 429 4223 tor
442 4176 467 4224 te
479 4164 615 4224 aldoaerc'm'¹
723 4171 754 4223 19
769 4169 911 4239 uoluptate
927 4169 967 4223 ed.
982 4169 1062 4222 Rom.
1147 4169 1180 4222 21
1197 4167 1281 4236 quod]
1301 4164 1391 4236 quel'

250 4274 277 4311 le
291 4260 322 4311 in
334 4276 391 4315 ros.
407 4265 464 4323 2112)
565 4260 640 4312 uarie
653 4259 676 4310 ll
691 4260 803 4312 Monac.
820 4261 901 4311 2519
915 4257 1031 4312 uanaM
1046 4258 1120 4310 uaria
1134 4262 1180 4310 eet.
1290 4253 1390 4308 iudaeis

250 4348 337 4400 SAA‘
356 4346 470 4400 diuersis
489 4348 687 4400 MBM'PP‘V
738 4349 772 4401 26
792 4349 907 4402 uirtutes
926 4347 1017 4400 ΜΒ
1037 4352 1062 4399 et
1080 4347 1120 4416 (es
1139 4361 1172 4399 σω
1190 4349 1216 4411 e)
1236 4345 1278 4397 Μ’
