3142 4967
283 470 325 532 62
756 462 955 518 Ambrosii

284 663 394 726 aulaea
430 658 588 737 caelestia,
632 658 669 723 de
711 658 827 741 quibus
870 658 991 722 dictum
1033 662 1101 723 est:
1144 658 1263 724 dilata
1303 658 1426 725 locum

284 767 615 833 tabernaculorum
644 767 795 830 tuorum
823 768 860 829 et
892 765 1109 830 aulaeorum
1143 769 1304 845 tuorum,
1337 766 1426 851 fige,

283 896 326 940 ne
355 892 497 957 pareas,
521 873 714 957 longiores
738 872 798 937 fao
821 872 1015 937 funiculos
1039 876 1126 938 tuos
1150 876 1187 937 et
1209 874 1316 955 palos
1339 877 1426 939 tuos

284 980 475 1058 confirma,
515 979 634 1045 adhuc
670 980 707 1043 in
746 979 875 1044 deutra
911 982 947 1043 et
984 979 1142 1043 sinistra
1181 980 1357 1045 extende:
1390 985 1429 1046 ct
1494 988 1515 1041 E

284 1106 408 1153 semen
437 1092 541 1152 tuum
571 1089 704 1171 gentes
733 1085 947 1150 hereditate
975 1086 1239 1169 possidebunt,
1268 1090 1306 1150 et
1338 1086 1427 1151 ciui-
1459 1106 1473 1144 a

283 1198 383 1261 tates
421 1193 592 1259 desertas
630 1192 878 1257 inhabitabis.
915 1191 1012 1257 habet
1049 1210 1124 1277 ergo
1157 1194 1278 1271 aulaea,
1311 1193 1429 1276 quibus

239 1299 259 1363 6
283 1300 411 1366 adtollit
438 1300 551 1364 bonam
581 1299 691 1377 uitam,
719 1302 851 1381 peccata
877 1298 968 1383 tegit,
997 1299 1124 1382 culpam
1149 1298 1327 1365 obumbrat.
1350 1300 1431 1365 haec

283 1410 333 1472 est
360 1406 504 1486 eeclesia,
534 1424 614 1488 quae
643 1424 738 1487 super
765 1404 865 1469 maria
891 1405 1024 1469 fundata
1051 1408 1102 1470 est
1124 1409 1157 1470 ot
1180 1424 1276 1489 super
1297 1404 1432 1471 flumina

282 1516 475 1595 praeparata.
514 1530 611 1593 supra
646 1528 705 1575 uos
745 1511 829 1575 enim
866 1510 1050 1577 confirmata
1086 1516 1136 1577 est
1168 1516 1200 1576 et
1233 1516 1430 1596 praeparate,

284 1620 340 1702 qui
370 1619 456 1683 sicut
487 1617 618 1683 fiumina
649 1636 728 1701 puro
760 1618 793 1682 in
827 1636 896 1682 earu
928 1618 1040 1683 mundi
1066 1618 1153 1683 fonte
1181 1619 1361 1698 decurritis,
1389 1619 1430 1685 de
1452 1647 1477 1683 ιο

284 1726 401 1807 quibus
422 1724 632 1789 dictumest:
658 1724 909 1789 eleueueruut
930 1724 1101 1804 flumina,
1126 1725 1282 1803 domine,
1308 1727 1430 1790 eleua-
1494 1732 1515 1787 F

283 1833 423 1896 uerunt
444 1831 607 1895 flumina
625 1850 739 1896 uoces
760 1850 847 1895 suas
866 1850 885 1895 a
902 1850 995 1895 uoce
1015 1850 1194 1913 aquarum
1213 1832 1429 1896 multarum.

285 1941 317 2002 et
353 1936 492 2001 addidit:
530 1936 725 2002 mirabiles
763 1935 951 2001 elationes
992 1936 1116 2012 maris,
1158 1936 1348 2002 mirabilis
1389 1937 1429 2000 in

284 2043 445 2108 excelsis
483 2042 665 2107 deminuo.
701 2043 785 2107 bona
817 2042 965 2120 fiumina;
999 2044 1153 2108 hausistis
1186 2043 1270 2108 enim
1302 2062 1340 2107 ex
1371 2043 1428 2107 illo

283 2150 411 2234 perenni
431 2153 462 2214 et
481 2151 573 2233 pleno
593 2150 690 2228 fonte,
716 2170 777 2232 quo
801 2150 913 2228 fluitis,
938 2150 993 2234 qui
1016 2151 1061 2215 ait
1083 2150 1194 2215 uobis:
1220 2150 1282 2234 qui
1307 2149 1428 2214 credit
1451 2178 1477 2217 re
1494 2160 1551 2213 etr

284 2257 321 2319 iu
354 2276 420 2335 me,
451 2256 555 2322 sicut
583 2256 678 2321 dixit
706 2257 906 2341 scriptura,
934 2256 1093 2321 flumina
1121 2256 1163 2321 de
1190 2259 1321 2321 uentre
1346 2256 1429 2320 eius

284 2363 407 2427 fluent
440 2382 556 2447 aquae
586 2362 706 2428 uiuae.
735 2364 796 2429 hoo
823 2366 930 2427 autem
959 2362 1085 2427 dicebat
1113 2361 1151 2427 de
1179 2361 1305 2446 spiritu,
1334 2381 1429 2444 quem

284 2468 478 2553 incipiebant
500 2470 641 2553 accipere
666 2470 721 2553 qui
744 2468 894 2535 credituri
917 2474 1006 2534 erant
1022 2468 1055 2534 in
1075 2489 1157 2535 euru.
1177 2469 1233 2533 sed
1252 2469 1316 2534 ianr
1338 2470 1431 2551 quusi

284 2576 360 2642 boni
382 2576 523 2642 Iordanis
546 2576 666 2641 fluenta
688 2576 884 2641 reuertimini
907 2594 1033 2641 meeum
1055 2577 1087 2640 in
1111 2576 1276 2660 originem.

197 2688 260 2772 2,7
331 2682 593 2769 Congregetur
619 2683 726 2766 inquit
749 2702 844 2766 aqua
867 2702 959 2766 quae
983 2684 1051 2749 sub
1076 2684 1180 2748 caelo
1206 2686 1265 2747 est
1286 2682 1323 2747 in
1348 2701 1428 2748 con·
1449 2701 1516 2754 soe

287 2790 548 2874 gregationem
572 2808 691 2868 uuam,
715 2793 754 2855 ,et
778 2793 958 2873 appareat
980 2790 1093 2857 arida.
1114 2794 1147 2855 et
1164 2790 1285 2854 factum
1306 2793 1356 2853 est
1374 2789 1428 2855 sie.

284 2896 419 2963 fortasse
455 2916 566 2980 parum
609 2896 776 2962 crediderit
817 2897 933 2979 aliquis
974 2897 1190 2980 superioribus
1232 2896 1429 2960 sermonibus

377 3156 482 3211 lEsai.
502 3158 546 3223 54,
566 3158 582 3211 2
602 3174 641 3225 sq.
670 3155 967 3212 ’arsurumne
1025 3154 1170 3210 11Psalm.
1190 3153 1341 3209 Lxxxxn
1359 3156 1428 3223 deq.

288 3244 628 3301 13Psalm.LxxxX114
675 3245 867 3310 1510h.7‚38
918 3247 951 3300 19
965 3242 1194 3299 Psalmcxnls
1245 3244 1359 3299 20Gen.
1376 3246 1428 3308 1,9

322 3408 340 3461 4
360 3405 453 3460 dextra
472 3406 594 3473 (dextera
611 3404 666 3477 Μ’)
686 3408 713 3459 et
732 3404 841 3459 sinistra
859 3401 930 3456 HM‘
948 3403 1069 3458 dextram
1090 3403 1238 3472 (dexteram
1256 3402 1295 3473 Β)
1319 3405 1347 3456 et
1365 3402 1430 3456 sini·

287 3497 369 3549 stram
389 3500 436 3549 cet.
487 3496 503 3549 5
522 3494 674 3566 possidebit
695 3493 777 3548 Gma
799 3491 882 3547 Uind.
933 3494 949 3547 6
967 3492 1038 3547 habe
1055 3491 1106 3546 OG
1157 3492 1172 3545 7
1192 3491 1335 3545 adtollitur
1350 3490 1431 3545 Gma

323 3584 395 3638 bona
412 3583 514 3637 uitali
587 3587 717 3653 teguntur
738 3582 821 3636 Gm2
893 3581 974 3651 culpa
994 3580 1059 3635 Cet
1077 3582 1105 3651 (a
1123 3597 1157 3635 aa·
1175 3587 1191 3634 a
1209 3583 1266 3645 m2)
1289 3578 1315 3634 G
1384 3579 1430 3632 ob·

262 3702 264 3705 ·
288 3673 428 3727 umbratur
449 3672 531 3727 Gm2
585 3673 618 3728 10
638 3689 697 3725 eam
715 3670 774 3726 MS
791 3688 823 3724 ea
841 3676 888 3725 cet.
945 3670 975 3724 ll
997 3670 1173 3723 eleuaueruut
1194 3669 1306 3723 flumina
1324 3668 1430 3722 domine

288 3780 338 3817 om.
362 3761 388 3817 G
456 3762 489 3816 12
509 3778 602 3815 uocem
621 3778 697 3815 suam
716 3760 747 3815 N
810 3762 845 3814 14
863 3760 974 3813 ansistis
992 3758 1018 3811 Π
1038 3764 1118 3821 (corr.
1138 3762 1185 3811 m2
1206 3756 1242 3823 G)
1262 3757 1431 3812 Shausistis

289 3856 347 3918 (m2
361 3868 394 3905 ex
408 3849 516 3921 auxisti)
531 3850 568 3904 M
617 3851 649 3903 16
669 3848 777 3904 dicits
848 3849 983 3918 scriptura
1001 3848 1069 3901 dixit
1082 3847 1152 3905 iliis
1170 3846 1304 3917 scriptura
1323 3846 1390 3900 dicit
1405 3845 1432 3898 Β

291 3940 323 3994 19
341 3939 468 3994 iordanes
488 3942 513 4004 (e
533 3956 566 3993 aa
584 3938 593 3992 i
612 3938 647 4004 a)
671 3954 722 3993 om.
746 3937 850 3991 fluenta
867 3937 901 3992 N
1005 3936 1079 4004 20f.
1103 3938 1142 3989 40
1161 3936 1226 3989 labri
1247 3935 1349 4003 (1000
1368 3950 1431 3987 oon-

288 4028 414 4082 1100010(
432 4028 518 4081 amba
537 4031 716 4097 congregetur
733 4024 825 4095 inquit
843 4042 927 4095 usqae
941 4024 981 4078 ad
993 4024 1077 4079 uerba
1090 4028 1193 4077 motum
1208 4023 1265 4077 eius
1279 4040 1309 4091 p.
1327 4026 1373 4085 dt,
1387 4024 1431 4085 13,

290 4116 388 4169 titteris
405 4116 559 4171 minoribus
580 4114 775 4168 Caroli-norum
795 4117 887 4167 aetate
903 4114 1017 4166 recitatas
1033 4112 1165 4181 serapiam
1178 4118 1286 4181 posteo,
1304 4126 1366 4165 eum
1383 4108 1434 4163 boc

290 4204 348 4258 loeo
362 4204 466 4273 sotium
479 4204 669 4267 intercidisset,
684 4202 817 4256 iscsertam
830 4207 876 4255 est.
891 4218 974 4271 quum
988 4201 1022 4255 ob
1040 4218 1096 4255 rem
1113 4202 1146 4254 in
1163 4201 1217 4255 bac
1229 4205 1314 4269 parte
1333 4199 1434 4252 librum

292 4292 395 4363 Gaiplo
411 4292 459 4361 (C)
479 4293 641 4363 significabo
697 4292 936 4361 congregationem
956 4290 1204 4348 aramundarus
1223 4288 1434 4359 congregatione

290 4400 344 4436 uua
363 4386 409 4436 eet.
465 4383 496 4436 21
519 4381 565 4437 sic.
585 4380 686 4434 factum
706 4378 821 4434 sortasse
842 4380 890 4446 (0)
