3142 4967
335 450 377 504 De
395 449 519 519 paradiso
541 451 581 504 12.
604 451 645 513 13,
665 450 708 504 60.
727 451 760 505 61
801 449 825 517 (Ι
846 451 897 505 173
916 450 1030 504 1)-174
1051 449 1092 518 C).
1238 456 1299 518 321

158 644 330 725 inperfecto
349 645 473 710 inutilis
497 645 641 711 scientia.
665 644 801 726 denique
825 648 1035 728 peccatum
1060 646 1301 719 nesciebam,

159 751 238 816 nisi
261 753 325 816 lex
349 753 522 818 diceret:
547 772 621 817 non
646 751 920 834 concupisces
941 755 974 816 et
992 752 1086 816 intra:
1106 752 1192 818 sine
1210 753 1302 837 lege

159 859 259 924 enim
284 863 496 940 peccatum
521 863 723 925 mortuum
748 861 821 923 est.
846 859 923 940 quid
946 859 1029 923 enim
1054 859 1132 924 mihi
1156 860 1303 942 proderat

158 967 238 1032 scire
262 966 348 1048 quod
367 967 468 1031 uitare
487 985 547 1030 non
567 969 732 1049 poteram?
757 966 833 1047 quid
852 965 930 1030 mihi
950 965 1096 1049 proderat
1115 966 1196 1030 scire
1217 965 1300 1048 quod

130 1105 141 1140 s
157 1075 204 1138 lex
220 1073 323 1138 camis
337 1093 426 1138 meae
439 1075 651 1157 inpugnaret?
669 1073 863 1157 inpugnatur
881 1073 1001 1137 Paulus
1017 1076 1049 1137 et
1063 1072 1153 1137 uidet
1170 1073 1301 1156 legem

158 1181 295 1244 carnis
319 1199 416 1245 suae
439 1184 734 1263 repugnantem
756 1180 844 1264 legi
867 1179 1015 1245 mentis
1040 1199 1135 1244 suae
1159 1183 1198 1244 et
1217 1199 1300 1263 oap-

155 1287 284 1351 tiuari
313 1306 354 1352 se
381 1287 420 1350 in
454 1289 544 1371 lege
577 1287 748 1370 peccati,
772 1306 830 1352 nec
854 1288 892 1352 de
916 1287 1109 1351 conscientia
1132 1306 1191 1351 sua
1213 1307 1300 1369 prae·

156 1394 264 1468 sumit,
295 1394 350 1458 sed
378 1413 434 1476 per
462 1394 580 1460 Christi
608 1395 743 1479 gratiam
772 1393 902 1459 contidit
930 1413 964 1458 se
989 1413 1006 1456 a
1029 1394 1140 1459 mortis
1169 1405 1399 1476 corporelr-tA

153 1501 368 1568 liberandum:
388 1505 421 1566 et
437 1505 474 1566 tu
495 1521 686 1584 quemquam
706 1501 844 1584 opinaris
864 1501 1017 1565 scientem
1035 1519 1097 1565 uon
1115 1519 1211 1584 posse
1229 1521 1300 1584 peo-

116 1636 139 1676 lo
157 1612 248 1672 oure?
270 1607 393 1672 Paulus
417 1607 511 1672 dicit:
539 1627 612 1672 uon
641 1608 745 1672 enim
768 1608 872 1689 qnod
895 1610 989 1672 uolo
1014 1608 1121 1672 facio
1145 1607 1299 1684 bonum,

156 1716 223 1780 sed
248 1715 354 1798 quod
376 1716 467 1780 nolo
494 1716 638 1780 malum
662 1715 735 1780 hoc
764 1733 852 1798 ago:
882 1719 914 1778 et
936 1718 971 1780 tu
997 1715 1158 1779 arbitraris
1182 1715 1301 1780 homini

154 1821 306 1904 prodesse
330 1821 506 1898 scientiam,
531 1841 611 1904 quae
635 1822 743 1886 delicti
767 1825 884 1906 augeat
905 1821 1080 1886 inuidiam?
1104 1826 1172 1886 esto
1195 1825 1300 1886 tamen

155 1933 199 1994 ut
219 1928 380 2012 perfectus
412 1947 543 2011 peccare
573 1949 633 1994 nou
662 1929 780 2011 possit:
814 1930 845 1992 in
876 1929 977 1992 Adam
1007 1928 1085 1993 deus
1114 1949 1223 1994 omnes
1246 1929 1300 1993 ho·

154 2035 257 2100 mines
288 2018 495 2117 praecidebat
524 2040 557 2100 ot
583 2035 655 2100 ideo
683 2035 840 2119 promisce
869 2035 976 2119 generi
1003 2055 1064 2100 non
1093 2035 1300 2099 conueniebat

115 2167 138 2204 ιι
154 2141 295 2205 humano
313 2142 429 2206 habere
447 2140 612 2205 scientiam
633 2141 709 2206 boni
730 2144 763 2205 et
784 2142 872 2217 mali,
897 2160 991 2223 quam
1014 2161 1071 2225 per
1095 2141 1197 2206 carnis
1221 2143 1300 2207 uitia

26 2244 109 2324 1961
154 2253 191 2313 ut
221 2249 389 2330 oportebat
418 2267 560 2312 exercere
589 2267 651 2311 uon
681 2251 816 2330 poterat.
848 2247 1008 2312 discemus
1038 2249 1138 2333 igitur
1165 2251 1299 2332 tempta·
1326 2259 1349 2312 Β

152 2359 260 2420 menta
275 2355 393 2420 diaboli
408 2357 501 2436 plena
515 2373 585 2419 esse
596 2355 767 2429 mendacii3
782 2355 836 2418 uir
847 2355 928 2419 enim
939 2374 1035 2419 unrrm
1047 2375 1159 2420 uerum
1174 2355 1300 2420 uidetur
1327 2365 1348 2420 C

153 2464 240 2528 eriis
260 2482 341 2547 quae
352 2463 516 2547 pollicitus
528 2466 586 2540 est,
597 2463 721 2545 reliqua
732 2462 812 2526 salsa
827 2463 1004 2544 conposuit.
1021 2463 1066 2526 sic
1087 2463 1170 2526 enim
1185 2461 1299 2526 habes:

153 2573 195 2634 et
226 2570 334 2634 dixit
371 2589 539 2653 serpens
576 2568 756 2634 mulieri:
794 2588 866 2633 non
902 2572 1025 2632 morte
1059 2569 1300 2638 moriemini,

111 2703 137 2742 ιι
153 2695 227 2741 ecce
247 2697 345 2741 unum
364 2666 496 2750 falsum
521 2697 593 2740 nam
611 2679 713 2740 morte
731 2679 877 2740 mortuus
898 2678 947 2739 est
965 2675 1070 2749 homo,
1091 2675 1146 2757 qui
1169 2677 1300 2738 secutus

154 2787 206 2848 est
223 2783 381 2867 promissa
399 2783 565 2865 serpentis.
590 2781 702 2846 deinde
726 2783 860 2847 addidit:
887 2783 1048 2846 sciebat
1071 2781 1172 2845 enim
1197 2781 1302 2862 inquit

153 2891 254 2955 deris
288 2891 382 2974 quia
414 2909 667 2981 quacumque
702 2889 765 2953 die
796 2888 1150 2959 manducaueritis
1182 2907 1224 2952 er
1256 2907 1298 2952 eo

154 2999 448 3081 adaperientur
471 2996 583 3061 oculi
606 2997 749 3061 uestri.
774 2996 834 3061 hoc
859 2997 964 3062 solum
983 3014 1106 3072 uerum,
1127 2994 1202 3078 qnia
1219 2995 1297 3060 infra

153 3105 253 3170 habes
269 3105 345 3188 quio
363 3104 713 3170 manducaueruut
732 3105 844 3168 ambo
865 3108 904 3168 et
922 3102 1055 3186 aperti
1076 3105 1170 3167 suut
1190 3102 1300 3168 oculi

247 3333 259 3386 1
280 3333 357 3386 Rom.
378 3333 402 3398 7,
422 3333 438 3385 7
521 3331 537 3383 2
556 3329 633 3383 Rom.
654 3331 678 3394 7,
697 3332 715 3384 8
787 3329 899 3384 5Rorn.
920 3330 943 3394 7,
964 3331 998 3383 23
1017 3329 1186 3399 Augustinus
1206 3333 1300 3384 contra

151 3423 204 3476 Iul.
232 3421 327 3490 Pelsg.
351 3420 380 3475 11
405 3422 430 3485 5,
458 3421 491 3475 13
517 3418 900 3491 (inpugnatur...innidiam)
992 3419 1009 3472 8
1037 3419 1114 3474 Rom.
1144 3419 1168 3483 7,
1197 3421 1231 3473 24
1260 3436 1299 3487 sq.

155 3513 190 3568 ld
207 3511 286 3567 Rom.
306 3511 331 3572 7,
352 3510 384 3563 19
441 3509 475 3562 19
495 3507 561 3564 Gen.
581 3509 645 3570 3‚4
698 3507 730 3560 21
753 3506 820 3561 Gen.
841 3509 902 3570 3‚5
958 3507 993 3560 24
1012 3505 1078 3562 Gen.
1098 3508 1123 3570 3,
1144 3509 1160 3562 6
1179 3523 1218 3576 sq.

189 3635 293 3706 3quid
312 3635 340 3699 (d
358 3651 379 3690 ι.
398 3633 438 3704 ιι.)
457 3635 484 3687 A
546 3631 788 3702 4quod,„scire
807 3633 839 3686 in
857 3649 906 3702 my.
926 3632 979 3700 inf.
998 3631 1033 3696 A,
1054 3649 1104 3685 om.
1123 3632 1158 3685 P
1223 3634 1299 3686 dre-

152 3729 321 3797 pugnontem
341 3729 369 3790 (n
387 3739 409 3778 o.
429 3728 468 3789 ιι.)
488 3723 516 3776 A
570 3723 585 3774 7
606 3721 771 3786 conscientie
792 3725 819 3786 (a
836 3738 858 3776 s.
879 3725 903 3785 e)
921 3726 947 3774 A
1014 3722 1196 3790 praesumpsit
1211 3725 1299 3790 <prse-

153 3815 252 3870 sumsit
269 3816 307 3878 A)
328 3811 351 3864 ll
419 3812 436 3866 8
456 3813 499 3864 set
517 3811 541 3882 (t
558 3811 590 3863 in
609 3826 673 3875 roa,
691 3827 752 3864 non
767 3811 838 3864 cato
857 3815 969 3874 eertum)
989 3810 1017 3863 A
1089 3808 1122 3862 de
1142 3809 1191 3864 Ch.
1211 3810 1300 3878 gratia

151 3905 217 3962 ΒΨ
290 3902 407 3957 confidet
424 3903 452 3956 13
469 3901 562 3970 (corr.)
587 3899 619 3950 Ψ
692 3915 777 3953 som.
797 3899 861 3953 ΒΨ
952 3899 1112 3968 9ομ1ιιιιοε
1131 3898 1158 3950 A
1178 3903 1202 3952 et
1220 3899 1299 3966 (corr.

151 4000 206 4062 ml)
225 3993 284 4048 PV
299 3993 409 4062 opinare
427 3989 492 4046 ΒΨ
565 3989 598 4043 12
618 3993 700 4058 auget
718 3989 746 4042 R
764 3987 842 4056 augit
865 3987 896 4040 Ψ
966 3987 999 4040 13
1019 4003 1110 4040 omnes
1131 3990 1154 4052 (s
1172 4001 1192 4040 s.
1212 3992 1254 4051 ιι)
1273 3987 1300 4038 A

155 4087 188 4140 14
216 4084 349 4154 promisee
376 4079 433 4133 AV
458 4079 587 4150 promise
623 4082 669 4140 (uo
698 4093 720 4130 o.
750 4077 819 4146 ras.)
844 4075 872 4129 P
900 4076 1030 4146 promisse
1055 4075 1120 4130 ΒΨ
1149 4075 1300 4144 promiscue

152 4181 200 4229 eet.
273 4171 341 4240 uon]
360 4174 392 4223 ut
408 4169 437 4222 P
527 4167 560 4220 18
578 4166 621 4219 his
641 4166 708 4219 libri
799 4166 832 4218 19
850 4168 964 4218 mortem
982 4164 1061 4218 APS
1082 4169 1107 4217 et
1126 4167 1163 4229 (ιιι
1182 4167 1253 4231 exp.)
1278 4163 1304 4215 V

152 4265 187 4318 91
207 4262 261 4318 seit
278 4257 422 4316 SBP‘OO‘
496 4256 568 4310 euim
585 4255 682 4323 inquid
702 4251 809 4323 (inquid
827 4270 849 4310 s.
867 4259 907 4321 u.)
926 4256 953 4307 A
974 4253 1044 4308 euim
1063 4253 1153 4322 inquit
1171 4252 1208 4314 Ι),
1229 4252 1300 4306 einim

152 4372 203 4412 om.
223 4358 271 4408 cet.

179 4483 271 4524 mil.
282 4477 362 4519 Amor.
377 4485 429 4526 pm
443 4476 463 4523 1,
478 4474 534 4514 rue.
549 4474 569 4513 1.
1231 4447 1264 4500 21
