3142 4967
270 482 336 549 418
543 522 546 529 .
743 476 939 533 Ambrosii

268 678 335 743 iam
360 675 483 740 iustum
512 674 643 740 dixerim
669 674 732 739 nisi
762 674 877 739 horum
908 675 1044 741 liberum
1078 672 1288 749 uinculorum,
1323 692 1414 755 quern

270 786 402 849 naturae
429 781 606 848 communis
633 781 764 847 uincula
790 802 852 849 uon
879 786 1026 848 teneant?
1059 800 1170 846 ornnes
1198 780 1257 846 sub
1285 782 1415 862 peccato

270 892 310 956 ab
337 890 451 971 ddum,
479 889 512 955 in
540 909 649 955 omnes
676 890 832 974 regnabat
857 909 953 956 mors.
986 889 1096 955 ueniat
1127 888 1216 953 solus
1248 886 1357 952 iustus
1384 887 1416 951 in

265 998 443 1079 vconspectu
467 995 528 1075 dei,
553 996 591 1060 de
615 1015 677 1078 quo
701 996 763 1061 iam
786 1014 848 1061 non
873 1014 946 1061 cum
970 996 1153 1077 exceptione
1177 994 1315 1059 dicatur:
1343 1013 1416 1059 non

269 1102 464 1185 peccauit
490 1102 527 1167 in
555 1101 682 1167 labiis
711 1102 816 1181 suis,
847 1102 920 1167 sed:
952 1106 1166 1185 peccatum
1199 1120 1272 1165 non
1303 1098 1415 1165 fecit.
1447 1137 1458 1174 ⁵

180 1614 269 1698 4,8.
315 1608 514 1693 Gigantes
543 1612 675 1675 autem
701 1611 816 1673 erant
842 1606 880 1671 in
909 1610 1019 1671 terra
1047 1607 1190 1672 diebus
1218 1606 1323 1672 illis.
1356 1624 1416 1671 non
1473 1610 1548 1665 ratur

268 1718 436 1799 poetarum
458 1736 546 1782 more
570 1716 718 1801 gigantas
740 1714 815 1779 illos
839 1717 941 1780 terrae
964 1713 1047 1779 filios
1071 1715 1144 1780 uult
1166 1714 1268 1779 uideri
1292 1713 1417 1779 diuinae

269 1822 444 1906 scripturae
477 1822 630 1902 conditor,
663 1821 721 1887 sed
752 1841 789 1886 ex
822 1820 943 1905 angelis
973 1825 1005 1887 et
1030 1820 1218 1887 mulieribus
1251 1823 1418 1905 generatos

269 1929 389 1993 adserit
412 1948 491 2011 quos
514 1929 575 1993 hoc
607 1929 749 2012 appellat
780 1929 938 1995 uocabulo
968 1928 1080 1995 nolens
1109 1947 1217 1993 eorum
1246 1927 1418 2009 exprimere

269 2036 521 2119 magnitudinem
554 2034 704 2118 corporis.
738 2037 771 2099 et
804 2035 1040 2101 consideremus
1073 2054 1111 2099 ne
1139 2034 1221 2099 forte
1249 2032 1418 2118 gigantum
1437 2066 1458 2102 n

270 2143 392 2207 similes
425 2142 490 2207 sint
519 2141 663 2208 homines
701 2141 792 2207 cultu
829 2142 994 2207 studentes
1032 2142 1133 2207 curnis
1170 2159 1257 2218 suae,
1295 2140 1418 2205 animae

270 2252 376 2315 autern
394 2249 515 2313 nullam
534 2268 641 2313 curam
659 2248 825 2325 habentes,
845 2248 932 2313 sicut
953 2248 1001 2313 illi
1021 2248 1075 2332 qui
1090 2248 1226 2313 deterre
1242 2248 1417 2313 secundum

230 2364 234 2371 ’
269 2356 428 2439 poeticam
443 2356 504 2420 orti
522 2356 663 2420 tabulam
682 2357 766 2422 mole
785 2356 925 2438 corporis
945 2356 994 2420 sui
1014 2354 1086 2420 freti
1105 2356 1250 2421 feruntur
1267 2354 1418 2419 habuisse

270 2464 489 2545 contemptum
512 2480 708 2545 superorum.
732 2483 770 2527 an
796 2462 937 2546 dispares
959 2462 1147 2527 aestimandi
1166 2466 1241 2527 sunt
1259 2460 1324 2543 qui,
1345 2481 1416 2526 cum
1472 2470 1488 2521 F

269 2590 306 2634 ex
330 2570 433 2634 anima
456 2571 602 2633 constent
620 2588 656 2633 ao
676 2587 814 2652 corpore,
834 2570 951 2634 mentis
969 2569 1125 2653 uigorem,
1146 2589 1208 2651 qna
1224 2569 1305 2632 nihil
1324 2569 1418 2633 habet
1435 2598 1455 2636 u
1546 2576 1547 2613 l

270 2678 374 2742 anima
406 2675 587 2758 pretiosius,
621 2679 807 2740 auersantur
840 2680 872 2741 et
903 2696 937 2741 se
970 2676 1070 2741 carnis
1108 2676 1204 2741 huius
1240 2676 1415 2742 imitatores

270 2784 362 2849 uelut
384 2785 543 2848 maternae
568 2782 715 2847 exhibent
737 2781 924 2848 stoliditatis
949 2782 1101 2849 heredes?
1121 2784 1228 2867 itaque
1247 2784 1279 2848 in
1298 2802 1413 2848 uenum

269 2890 415 2956 laborant
437 2889 560 2954 caelum
583 2889 669 2954 uotis
691 2893 882 2972 usurpantes
903 2890 1047 2973 superbis
1067 2894 1099 2955 et
1117 2890 1249 2955 terrenis
1269 2890 1414 2973 operibus

270 2996 468 3072 incubantes,
503 2995 557 3078 qui
590 2995 740 3061 electione
772 2996 930 3062 inferioris
964 3001 996 3062 et
1027 3000 1212 3080 contemptu
1244 2997 1414 3080 superioria

271 3103 424 3169 consortii
449 3106 612 3185 tamqnam
638 3104 829 3169 uoluntariis
859 3103 981 3170 obnoxii
1009 3105 1149 3187 peccatis
1177 3104 1322 3189 grauiore
1346 3124 1414 3170 con·
1429 3128 1451 3167 o

227 3206 247 3270 9
272 3208 459 3273 demnantur
486 3208 666 3274 seueritate.
698 3208 887 3292 plerumque
914 3210 1044 3294 angelos
1072 3210 1155 3275 lilios
1187 3210 1236 3275 dei
1261 3210 1414 3295 scriptura
1452 3214 1520 3273 ‘eall

270 3318 376 3395 uocat,
407 3315 482 3398 quia
504 3334 541 3380 ex
563 3314 651 3381 nullo
675 3314 803 3379 homine
827 3318 1016 3399 generantur
1038 3316 1170 3382 animae.
1200 3314 1308 3399 itaque
1331 3317 1412 3381 uiros

359 3592 471 3647 2Rom.
490 3594 515 3656 3,
535 3594 563 3656 9;
584 3596 609 3661 5,
630 3594 664 3647 14
710 3594 794 3648 410b
816 3595 839 3657 1,
859 3595 893 3649 22
948 3594 1087 3649 slretr.
1107 3594 1132 3658 2,
1151 3596 1186 3649 22
1232 3594 1410 3657 scenas

270 3682 350 3736 Philo
371 3681 483 3747 Quaest.
501 3682 515 3735 Ι
534 3682 568 3735 92
622 3684 652 3736 21
678 3681 744 3737 Gen.
764 3683 789 3746 6,
809 3684 825 3737 2
846 3685 909 3737 ct4

305 3861 408 3929 dpoto
427 3862 599 3929 conspectum
705 3860 767 3912 din
788 3858 884 3913 diebus
907 3860 973 3914 ΤΝ
1076 3862 1091 3915 7
1112 3862 1239 3931 gigantas
1258 3860 1287 3914 P
1303 3860 1328 3932 (e
1346 3876 1366 3915 s.
1386 3864 1408 3921 el

269 3950 398 4017 gigantes
417 3954 463 4003 cet.
501 3948 654 4017 9corporis
673 3949 821 4018 exprimere
840 3949 1054 4018 magnitudinem
1074 3950 1108 4003 N
1147 3952 1177 4005 ll
1198 3951 1254 4004 sint
1272 3950 1371 4005 similes
1385 3948 1414 4002 Ν

306 4037 391 4091 cultui
409 4037 437 4091 P
454 4037 475 4108 (i
493 4040 550 4102 m2)
569 4042 616 4091 cet.
670 4038 704 4091 14
723 4037 889 4107 superiorum
909 4038 962 4091 PB
1015 4040 1047 4093 15
1067 4042 1194 4093 constent
1215 4039 1240 4091 Τ
1312 4044 1339 4093 et
1357 4054 1410 4093 cor·

269 4142 334 4194 pore
353 4125 381 4179 B
451 4125 555 4195 uigori·
567 4125 600 4178 N
616 4126 636 4195 (i
656 4126 704 4182 alt.
723 4124 756 4178 ia
772 4128 841 4191 ras.)
924 4126 987 4195 quia
1006 4128 1033 4181 P
1053 4128 1072 4193 (i
1092 4134 1173 4195 eras.)
1195 4144 1247 4197 quo
1266 4128 1294 4181 B
1312 4144 1364 4198 que
1381 4142 1411 4181 ec

270 4214 336 4281 quia
353 4214 387 4266 N
437 4215 471 4267 16
490 4218 649 4267 auersentur
672 4214 697 4266 Τ
713 4213 893 4267 aduersantur
916 4214 947 4267 Τ
1017 4216 1049 4269 17
1069 4217 1134 4270 stoli
1156 4216 1218 4271 (dot.
1237 4218 1290 4287 orl)
1308 4215 1409 4271 stolidi·

269 4302 336 4354 tatis
354 4302 382 4354 P
453 4302 598 4357 l9inleris
620 4304 645 4357 Τ
715 4303 750 4357 20
770 4303 889 4372 grauiori
909 4304 939 4357 N
1010 4305 1042 4359 21
1064 4307 1210 4360 securitate
1228 4305 1262 4361 N
1334 4310 1409 4359 uocat

269 4389 403 4458 scriptura
420 4390 452 4442 N
505 4392 540 4445 22
558 4392 665 4445 unimac
683 4392 711 4443 P
729 4395 816 4460 (apr.
836 4393 868 4445 ira
886 4409 943 4446 rna.
962 4396 1018 4463 m2)
1063 4462 1068 4471 ι
