<?xml version="1.0" encoding="UTF-8"?>
<!DOCTYPE html PUBLIC "-//W3C//DTD XHTML 1.0 Transitional//EN"
    "http://www.w3.org/TR/xhtml1/DTD/xhtml1-transitional.dtd">
<html xmlns="http://www.w3.org/1999/xhtml" xml:lang="en" lang="en">
 <head>
  <title>
</title>
<meta http-equiv="Content-Type" content="text/html;charset=utf-8" />
  <meta name='ocr-system' content='tesseract 3.04.00' />
  <meta name='ocr-capabilities' content='ocr_page ocr_carea ocr_par ocr_line ocrx_word'/>
</head>
<body>
  <div class='ocr_page' id='page_1' title='image "./corpusscriptoru00wissgoog_0382.png"; bbox 0 0 3142 4967; ppageno 0'>
   <div class='ocr_carea' id='block_1_1' title="bbox 286 453 961 522">
    <p class='ocr_par' dir='ltr' id='par_1_1' title="bbox 286 453 961 522">
     <span class='ocr_line' id='line_1_1' title="bbox 286 453 961 522; baseline 0.001 -14"><span class='ocrx_word' id='word_1_1' title='bbox 286 459 352 522; x_wconf 79' lang='grc'>374</span> <span class='ocrx_word' id='word_1_2' title='bbox 761 453 961 509; x_wconf 79' lang='lat' dir='ltr'>Ambrosii</span> 
     </span>
    </p>
   </div>
   <div class='ocr_carea' id='block_1_2' title="bbox 227 651 1557 3536">
    <p class='ocr_par' dir='ltr' id='par_1_2' title="bbox 227 651 1557 3536">
     <span class='ocr_line' id='line_1_2' title="bbox 286 651 1509 743; baseline 0.004 -29"><span class='ocrx_word' id='word_1_3' title='bbox 286 652 397 716; x_wconf 88' lang='lat' dir='ltr'>deinde</span> <span class='ocrx_word' id='word_1_4' title='bbox 431 651 515 734; x_wconf 90' lang='lat' dir='ltr'>quod</span> <span class='ocrx_word' id='word_1_5' title='bbox 548 651 699 734; x_wconf 87' lang='lat' dir='ltr'>spiritale.</span> <span class='ocrx_word' id='word_1_6' title='bbox 737 651 822 734; x_wconf 91' lang='lat' dir='ltr'>quod</span> <span class='ocrx_word' id='word_1_7' title='bbox 855 651 990 743; x_wconf 81' lang='lat' dir='ltr'>animale</span> <span class='ocrx_word' id='word_1_8' title='bbox 1023 652 1132 735; x_wconf 83' lang='lat' dir='ltr'>spirat,</span> <span class='ocrx_word' id='word_1_9' title='bbox 1167 651 1265 716; x_wconf 85' lang='lat' dir='ltr'>habet</span> <span class='ocrx_word' id='word_1_10' title='bbox 1300 653 1442 721; x_wconf 84' lang='lat' dir='ltr'>uitalern</span> <span class='ocrx_word' id='word_1_11' title='bbox 1491 666 1509 719; x_wconf 82' lang='lat' dir='ltr'>F</span> 
     </span>
     <span class='ocr_line' id='line_1_3' title="bbox 286 758 1433 841; baseline 0.002 -21"><span class='ocrx_word' id='word_1_12' title='bbox 286 758 444 840; x_wconf 83' lang='lat' dir='ltr'>spiritum,</span> <span class='ocrx_word' id='word_1_13' title='bbox 477 777 537 822; x_wconf 93' lang='lat' dir='ltr'>non</span> <span class='ocrx_word' id='word_1_14' title='bbox 571 759 649 822; x_wconf 92' lang='lat' dir='ltr'>item</span> <span class='ocrx_word' id='word_1_15' title='bbox 682 759 767 841; x_wconf 92' lang='lat' dir='ltr'>quod</span> <span class='ocrx_word' id='word_1_16' title='bbox 800 758 837 823; x_wconf 90' lang='lat' dir='ltr'>de</span> <span class='ocrx_word' id='word_1_17' title='bbox 866 762 1017 822; x_wconf 79' lang='lat' dir='ltr'>tenerum</span> <span class='ocrx_word' id='word_1_18' title='bbox 1047 762 1096 824; x_wconf 90' lang='lat' dir='ltr'>est</span> <span class='ocrx_word' id='word_1_19' title='bbox 1124 759 1291 826; x_wconf 83' lang='lat' dir='ltr'>fructibus.</span> <span class='ocrx_word' id='word_1_20' title='bbox 1321 758 1433 824; x_wconf 91' lang='lat' dir='ltr'>deinde</span> 
     </span>
     <span class='ocr_line' id='line_1_4' title="bbox 285 864 1432 949; baseline -0.002 -20"><span class='ocrx_word' id='word_1_21' title='bbox 285 865 404 947; x_wconf 80' lang='lat' dir='ltr'>optulit</span> <span class='ocrx_word' id='word_1_22' title='bbox 435 884 497 930; x_wconf 92' lang='lat' dir='ltr'>nou</span> <span class='ocrx_word' id='word_1_23' title='bbox 531 864 680 941; x_wconf 83' lang='lat' dir='ltr'>secunda,</span> <span class='ocrx_word' id='word_1_24' title='bbox 714 864 770 928; x_wconf 90' lang='lat' dir='ltr'>sed</span> <span class='ocrx_word' id='word_1_25' title='bbox 803 865 915 948; x_wconf 81' lang='lat' dir='ltr'>prima,</span> <span class='ocrx_word' id='word_1_26' title='bbox 948 883 1008 929; x_wconf 89' lang='lat' dir='ltr'>non</span> <span class='ocrx_word' id='word_1_27' title='bbox 1042 865 1165 949; x_wconf 78' lang='lat' dir='ltr'>exigua,</span> <span class='ocrx_word' id='word_1_28' title='bbox 1199 865 1255 930; x_wconf 90' lang='lat' dir='ltr'>sed</span> <span class='ocrx_word' id='word_1_29' title='bbox 1290 865 1432 949; x_wconf 86' lang='lat' dir='ltr'><strong>pinguia.</strong></span> 
     </span>
     <span class='ocr_line' id='line_1_5' title="bbox 285 971 1433 1054; baseline 0 -20"><span class='ocrx_word' id='word_1_30' title='bbox 285 973 391 1054; x_wconf 85' lang='lat' dir='ltr'>qualia</span> <span class='ocrx_word' id='word_1_31' title='bbox 424 972 507 1036; x_wconf 90' lang='lat' dir='ltr'>enim</span> <span class='ocrx_word' id='word_1_32' title='bbox 538 972 590 1036; x_wconf 82' lang='lat' dir='ltr'>len</span> <span class='ocrx_word' id='word_1_33' title='bbox 625 971 773 1054; x_wconf 85' lang='lat' dir='ltr'>probauit</span> <span class='ocrx_word' id='word_1_34' title='bbox 816 973 849 1035; x_wconf 91' lang='lat' dir='ltr'>et</span> <span class='ocrx_word' id='word_1_35' title='bbox 881 972 977 1036; x_wconf 88' lang='lat' dir='ltr'>iussit</span> <span class='ocrx_word' id='word_1_36' title='bbox 1010 971 1122 1044; x_wconf 84' lang='lat' dir='ltr'>offerri,</span> <span class='ocrx_word' id='word_1_37' title='bbox 1157 972 1243 1037; x_wconf 88' lang='lat' dir='ltr'>siout</span> <span class='ocrx_word' id='word_1_38' title='bbox 1278 972 1433 1054; x_wconf 89' lang='lat' dir='ltr'>seriptum</span> 
     </span>
     <span class='ocr_line' id='line_1_6' title="bbox 286 1076 1473 1162; baseline -0.005 -20"><span class='ocrx_word' id='word_1_39' title='bbox 286 1081 350 1143; x_wconf 88' lang='lat' dir='ltr'>est:</span> <span class='ocrx_word' id='word_1_40' title='bbox 391 1081 428 1143; x_wconf 90' lang='lat' dir='ltr'>et</span> <span class='ocrx_word' id='word_1_41' title='bbox 466 1079 540 1145; x_wconf 90' lang='lat' dir='ltr'>erit</span> <span class='ocrx_word' id='word_1_42' title='bbox 574 1080 689 1162; x_wconf 78' lang='lat' dir='ltr'>inquit,</span> <span class='ocrx_word' id='word_1_43' title='bbox 728 1099 810 1144; x_wconf 87' lang='lat' dir='ltr'>oum</span> <span class='ocrx_word' id='word_1_44' title='bbox 843 1080 1000 1144; x_wconf 77' lang='lat' dir='ltr'>inducet</span> <span class='ocrx_word' id='word_1_45' title='bbox 1031 1083 1067 1143; x_wconf 90' lang='lat' dir='ltr'>te</span> <span class='ocrx_word' id='word_1_46' title='bbox 1101 1076 1193 1142; x_wconf 91' lang='lat' dir='ltr'>deus</span> <span class='ocrx_word' id='word_1_47' title='bbox 1225 1080 1261 1144; x_wconf 93' lang='lat' dir='ltr'>in</span> <span class='ocrx_word' id='word_1_48' title='bbox 1293 1083 1433 1144; x_wconf 85' lang='lat' dir='ltr'>terram</span> <span class='ocrx_word' id='word_1_49' title='bbox 1462 1102 1473 1136; x_wconf 79' lang='lat'>5</span> 
     </span>
     <span class='ocr_line' id='line_1_7' title="bbox 285 1183 1434 1271; baseline -0.001 -23"><span class='ocrx_word' id='word_1_50' title='bbox 285 1183 609 1271; x_wconf 75' lang='lat' dir='ltr'>chananaeorum,</span> <span class='ocrx_word' id='word_1_51' title='bbox 639 1187 745 1251; x_wconf 87' lang='lat' dir='ltr'>sieut</span> <span class='ocrx_word' id='word_1_52' title='bbox 772 1188 919 1253; x_wconf 84' lang='lat' dir='ltr'>iurauit</span> <span class='ocrx_word' id='word_1_53' title='bbox 946 1187 1119 1270; x_wconf 88' lang='lat' dir='ltr'>patribus</span> <span class='ocrx_word' id='word_1_54' title='bbox 1143 1188 1237 1266; x_wconf 86' lang='lat' dir='ltr'>tuis,</span> <span class='ocrx_word' id='word_1_55' title='bbox 1267 1189 1304 1250; x_wconf 94' lang='lat' dir='ltr'>et</span> <span class='ocrx_word' id='word_1_56' title='bbox 1328 1185 1434 1249; x_wconf 86' lang='lat' dir='ltr'>dabit</span> 
     </span>
     <span class='ocr_line' id='line_1_8' title="bbox 284 1291 1433 1378; baseline -0.003 -22"><span class='ocrx_word' id='word_1_57' title='bbox 284 1291 367 1357; x_wconf 88' lang='lat' dir='ltr'>tibi.</span> <span class='ocrx_word' id='word_1_58' title='bbox 397 1297 434 1357; x_wconf 92' lang='lat' dir='ltr'>et</span> <span class='ocrx_word' id='word_1_59' title='bbox 461 1294 577 1358; x_wconf 89' lang='lat' dir='ltr'>tolles</span> <span class='ocrx_word' id='word_1_60' title='bbox 608 1313 712 1358; x_wconf 91' lang='lat' dir='ltr'>omne</span> <span class='ocrx_word' id='word_1_61' title='bbox 736 1293 834 1377; x_wconf 93' lang='lat' dir='ltr'>quod</span> <span class='ocrx_word' id='word_1_62' title='bbox 859 1295 980 1378; x_wconf 85' lang='lat' dir='ltr'>aperit</span> <span class='ocrx_word' id='word_1_63' title='bbox 1003 1295 1156 1359; x_wconf 88' lang='lat' dir='ltr'>uuluam</span> <span class='ocrx_word' id='word_1_64' title='bbox 1179 1291 1433 1358; x_wconf 82' lang='lat' dir='ltr'>masculinum</span> 
     </span>
     <span class='ocr_line' id='line_1_9' title="bbox 285 1399 1433 1484; baseline -0.002 -22"><span class='ocrx_word' id='word_1_65' title='bbox 285 1399 446 1464; x_wconf 90' lang='lat' dir='ltr'>domino.</span> <span class='ocrx_word' id='word_1_66' title='bbox 486 1420 590 1465; x_wconf 91' lang='lat' dir='ltr'>omne</span> <span class='ocrx_word' id='word_1_67' title='bbox 628 1401 725 1482; x_wconf 90' lang='lat' dir='ltr'>quod</span> <span class='ocrx_word' id='word_1_68' title='bbox 763 1401 884 1484; x_wconf 85' lang='lat' dir='ltr'>aperit</span> <span class='ocrx_word' id='word_1_69' title='bbox 921 1402 1075 1465; x_wconf 84' lang='lat' dir='ltr'>uuluam</span> <span class='ocrx_word' id='word_1_70' title='bbox 1108 1400 1150 1466; x_wconf 90' lang='lat' dir='ltr'>de</span> <span class='ocrx_word' id='word_1_71' title='bbox 1183 1399 1365 1465; x_wconf 86' lang='lat' dir='ltr'>armentis</span> <span class='ocrx_word' id='word_1_72' title='bbox 1399 1401 1433 1460; x_wconf 91' lang='lat' dir='ltr'>et</span> 
     </span>
     <span class='ocr_line' id='line_1_10' title="bbox 285 1505 1433 1590; baseline -0.003 -20"><span class='ocrx_word' id='word_1_73' title='bbox 285 1506 489 1588; x_wconf 84' lang='lat' dir='ltr'><strong>pecoribus</strong></span> <span class='ocrx_word' id='word_1_74' title='bbox 526 1507 605 1572; x_wconf 87' lang='lat' dir='ltr'>tuis</span> <span class='ocrx_word' id='word_1_75' title='bbox 641 1525 902 1590; x_wconf 80' lang='lat' dir='ltr'>quaecumque</span> <span class='ocrx_word' id='word_1_76' title='bbox 939 1511 1023 1572; x_wconf 89' lang='lat' dir='ltr'>nata</span> <span class='ocrx_word' id='word_1_77' title='bbox 1057 1507 1200 1573; x_wconf 88' lang='lat' dir='ltr'>fuerint</span> <span class='ocrx_word' id='word_1_78' title='bbox 1244 1505 1317 1570; x_wconf 88' lang='lat' dir='ltr'>tibi</span> <span class='ocrx_word' id='word_1_79' title='bbox 1365 1522 1433 1567; x_wconf 84' lang='lat' dir='ltr'>rna-</span> 
     </span>
     <span class='ocr_line' id='line_1_11' title="bbox 286 1611 1494 1696; baseline -0.002 -19"><span class='ocrx_word' id='word_1_80' title='bbox 286 1613 436 1678; x_wconf 87' lang='lat' dir='ltr'>soulina</span> <span class='ocrx_word' id='word_1_81' title='bbox 460 1613 666 1680; x_wconf 81' lang='lat' dir='ltr'>sanctifica</span> <span class='ocrx_word' id='word_1_82' title='bbox 689 1614 847 1679; x_wconf 91' lang='lat' dir='ltr'>domiuo.</span> <span class='ocrx_word' id='word_1_83' title='bbox 878 1633 982 1678; x_wconf 90' lang='lat' dir='ltr'>omne</span> <span class='ocrx_word' id='word_1_84' title='bbox 1008 1613 1104 1696; x_wconf 90' lang='lat' dir='ltr'>quod</span> <span class='ocrx_word' id='word_1_85' title='bbox 1129 1613 1251 1696; x_wconf 88' lang='lat' dir='ltr'>aperit</span> <span class='ocrx_word' id='word_1_86' title='bbox 1274 1611 1431 1677; x_wconf 81' lang='lat' dir='ltr'>uuluam</span> <span class='ocrx_word' id='word_1_87' title='bbox 1451 1637 1494 1675; x_wconf 83' lang='lat' dir='ltr'>n·</span> 
     </span>
     <span class='ocr_line' id='line_1_12' title="bbox 285 1719 1557 1809; baseline -0.005 -25"><span class='ocrx_word' id='word_1_88' title='bbox 285 1720 414 1784; x_wconf 88' lang='lat' dir='ltr'>asinae</span> <span class='ocrx_word' id='word_1_89' title='bbox 460 1722 626 1786; x_wconf 85' lang='lat' dir='ltr'>mutabis</span> <span class='ocrx_word' id='word_1_90' title='bbox 665 1720 761 1785; x_wconf 92' lang='lat' dir='ltr'>illud</span> <span class='ocrx_word' id='word_1_91' title='bbox 801 1740 882 1796; x_wconf 81' lang='lat' dir='ltr'>oue3</span> <span class='ocrx_word' id='word_1_92' title='bbox 924 1721 955 1784; x_wconf 90' lang='lat' dir='ltr'>si</span> <span class='ocrx_word' id='word_1_93' title='bbox 990 1725 1112 1786; x_wconf 87' lang='lat' dir='ltr'>autern</span> <span class='ocrx_word' id='word_1_94' title='bbox 1146 1740 1214 1785; x_wconf 93' lang='lat' dir='ltr'>non</span> <span class='ocrx_word' id='word_1_95' title='bbox 1247 1719 1430 1809; x_wconf 70' lang='lat' dir='ltr'>mutabis,</span> <span class='ocrx_word' id='word_1_96' title='bbox 1470 1726 1557 1806; x_wconf 72' lang='lat'>2031</span> 
     </span>
     <span class='ocr_line' id='line_1_13' title="bbox 284 1826 1432 1911; baseline -0.003 -18"><span class='ocrx_word' id='word_1_97' title='bbox 284 1826 447 1893; x_wconf 85' lang='lat' dir='ltr'>redimes</span> <span class='ocrx_word' id='word_1_98' title='bbox 470 1828 578 1893; x_wconf 92' lang='lat' dir='ltr'>illud.</span> <span class='ocrx_word' id='word_1_99' title='bbox 603 1828 680 1911; x_wconf 90' lang='lat' dir='ltr'>quid</span> <span class='ocrx_word' id='word_1_100' title='bbox 703 1830 769 1892; x_wconf 86' lang='lat' dir='ltr'>tam</span> <span class='ocrx_word' id='word_1_101' title='bbox 792 1827 939 1910; x_wconf 85' lang='lat' dir='ltr'>profundi</span> <span class='ocrx_word' id='word_1_102' title='bbox 963 1827 1116 1910; x_wconf 77' lang='lat' dir='ltr'>mysterii,</span> <span class='ocrx_word' id='word_1_103' title='bbox 1140 1831 1208 1892; x_wconf 90' lang='lat' dir='ltr'>tam</span> <span class='ocrx_word' id='word_1_104' title='bbox 1231 1827 1313 1892; x_wconf 84' lang='lat' dir='ltr'>ultae</span> <span class='ocrx_word' id='word_1_105' title='bbox 1333 1845 1432 1890; x_wconf 85' lang='lat' dir='ltr'>seore-</span> 
     </span>
     <span class='ocr_line' id='line_1_14' title="bbox 285 1933 1433 2019; baseline -0.003 -20"><span class='ocrx_word' id='word_1_106' title='bbox 285 1938 400 2016; x_wconf 87' lang='lat' dir='ltr'>taeque</span> <span class='ocrx_word' id='word_1_107' title='bbox 424 1935 596 2019; x_wconf 84' lang='lat' dir='ltr'>sapientiae</span> <span class='ocrx_word' id='word_1_108' title='bbox 620 1953 714 2016; x_wconf 91' lang='lat' dir='ltr'>quam</span> <span class='ocrx_word' id='word_1_109' title='bbox 734 1935 873 2017; x_wconf 76' lang='lat' dir='ltr'>(quod)</span> <span class='ocrx_word' id='word_1_110' title='bbox 892 1934 923 1996; x_wconf 93' lang='lat' dir='ltr'>in</span> <span class='ocrx_word' id='word_1_111' title='bbox 943 1934 1133 2016; x_wconf 89' lang='lat' dir='ltr'>quibusdam</span> <span class='ocrx_word' id='word_1_112' title='bbox 1153 1934 1242 1998; x_wconf 92' lang='lat' dir='ltr'>uenis</span> <span class='ocrx_word' id='word_1_113' title='bbox 1263 1933 1433 1998; x_wconf 86' lang='lat' dir='ltr'>uerborum</span> 
     </span>
     <span class='ocr_line' id='line_1_15' title="bbox 286 2041 1433 2124; baseline -0.002 -18"><span class='ocrx_word' id='word_1_114' title='bbox 286 2041 480 2124; x_wconf 78' lang='lat' dir='ltr'>simplicium</span> <span class='ocrx_word' id='word_1_115' title='bbox 505 2041 720 2123; x_wconf 85' lang='lat' dir='ltr'>deprehendas</span> <span class='ocrx_word' id='word_1_116' title='bbox 742 2041 820 2106; x_wconf 90' lang='lat' dir='ltr'>lieet</span> <span class='ocrx_word' id='word_1_117' title='bbox 843 2044 938 2123; x_wconf 90' lang='lat' dir='ltr'>atque</span> <span class='ocrx_word' id='word_1_118' title='bbox 961 2042 1088 2106; x_wconf 86' lang='lat' dir='ltr'>haurias</span> <span class='ocrx_word' id='word_1_119' title='bbox 1112 2041 1289 2106; x_wconf 88' lang='lat' dir='ltr'>ubertatem</span> <span class='ocrx_word' id='word_1_120' title='bbox 1312 2041 1433 2124; x_wconf 87' lang='lat' dir='ltr'>gratiae</span> 
     </span>
     <span class='ocr_line' id='line_1_16' title="bbox 286 2148 1472 2231; baseline -0.001 -20"><span class='ocrx_word' id='word_1_121' title='bbox 286 2148 462 2230; x_wconf 84' lang='lat' dir='ltr'>spiritalis?</span> <span class='ocrx_word' id='word_1_122' title='bbox 503 2148 682 2214; x_wconf 84' lang='lat' dir='ltr'>Chananeei</span> <span class='ocrx_word' id='word_1_123' title='bbox 723 2149 842 2212; x_wconf 86' lang='lat' dir='ltr'>etenim</span> <span class='ocrx_word' id='word_1_124' title='bbox 879 2149 1026 2226; x_wconf 83' lang='lat' dir='ltr'>mobiles,</span> <span class='ocrx_word' id='word_1_125' title='bbox 1063 2149 1199 2231; x_wconf 84' lang='lat' dir='ltr'>inquieti</span> <span class='ocrx_word' id='word_1_126' title='bbox 1236 2151 1321 2211; x_wconf 89' lang='lat' dir='ltr'>sunt.</span> <span class='ocrx_word' id='word_1_127' title='bbox 1361 2165 1432 2210; x_wconf 88' lang='lat' dir='ltr'>oum</span> <span class='ocrx_word' id='word_1_128' title='bbox 1451 2171 1472 2210; x_wconf 76' lang='lat' dir='ltr'>n</span> 
     </span>
     <span class='ocr_line' id='line_1_17' title="bbox 287 2243 1557 2338; baseline -0.002 -20"><span class='ocrx_word' id='word_1_129' title='bbox 287 2255 376 2336; x_wconf 84' lang='lat' dir='ltr'>gitur</span> <span class='ocrx_word' id='word_1_130' title='bbox 400 2255 432 2318; x_wconf 93' lang='lat' dir='ltr'>in</span> <span class='ocrx_word' id='word_1_131' title='bbox 458 2275 566 2320; x_wconf 89' lang='lat' dir='ltr'>eorum</span> <span class='ocrx_word' id='word_1_132' title='bbox 590 2258 706 2320; x_wconf 87' lang='lat' dir='ltr'>terram</span> <span class='ocrx_word' id='word_1_133' title='bbox 730 2256 829 2320; x_wconf 83' lang='lat' dir='ltr'>fueris</span> <span class='ocrx_word' id='word_1_134' title='bbox 851 2256 1025 2338; x_wconf 79' lang='lat' dir='ltr'>ingressus,</span> <span class='ocrx_word' id='word_1_135' title='bbox 1047 2274 1126 2337; x_wconf 87' lang='lat' dir='ltr'>quos</span> <span class='ocrx_word' id='word_1_136' title='bbox 1146 2254 1286 2319; x_wconf 89' lang='lat' dir='ltr'>aduertis</span> <span class='ocrx_word' id='word_1_137' title='bbox 1304 2255 1434 2336; x_wconf 91' lang='lat' dir='ltr'>propter</span> <span class='ocrx_word' id='word_1_138' title='bbox 1556 2243 1557 2332; x_wconf 75' lang='lat' dir='ltr'>l</span> 
     </span>
     <span class='ocr_line' id='line_1_18' title="bbox 288 2361 1432 2444; baseline -0.001 -20"><span class='ocrx_word' id='word_1_139' title='bbox 288 2361 439 2426; x_wconf 84' lang='lat' dir='ltr'>euitatern</span> <span class='ocrx_word' id='word_1_140' title='bbox 472 2365 504 2427; x_wconf 92' lang='lat' dir='ltr'>et</span> <span class='ocrx_word' id='word_1_141' title='bbox 531 2363 786 2444; x_wconf 91' lang='lat' dir='ltr'>inquietudinem</span> <span class='ocrx_word' id='word_1_142' title='bbox 815 2362 1124 2444; x_wconf 84' lang='lat' dir='ltr'>instabilitatemque</span> <span class='ocrx_word' id='word_1_143' title='bbox 1151 2381 1276 2427; x_wconf 90' lang='lat' dir='ltr'>morum</span> <span class='ocrx_word' id='word_1_144' title='bbox 1305 2377 1432 2441; x_wconf 83' lang='lat' dir='ltr'>posses·</span> 
     </span>
     <span class='ocr_line' id='line_1_19' title="bbox 227 2465 1432 2568; baseline -0.003 -35"><span class='ocrx_word' id='word_1_145' title='bbox 227 2551 232 2568; x_wconf 29' lang='lat'>⁸</span> <span class='ocrx_word' id='word_1_146' title='bbox 287 2470 374 2534; x_wconf 88' lang='lat' dir='ltr'>sione</span> <span class='ocrx_word' id='word_1_147' title='bbox 399 2469 550 2548; x_wconf 82' lang='lat' dir='ltr'>deiectos,</span> <span class='ocrx_word' id='word_1_148' title='bbox 574 2474 610 2536; x_wconf 90' lang='lat' dir='ltr'>tu</span> <span class='ocrx_word' id='word_1_149' title='bbox 634 2473 742 2535; x_wconf 88' lang='lat' dir='ltr'>teneto</span> <span class='ocrx_word' id='word_1_150' title='bbox 766 2470 987 2536; x_wconf 75' lang='lat' dir='ltr'>constantiam.</span> <span class='ocrx_word' id='word_1_151' title='bbox 1012 2489 1072 2534; x_wconf 91' lang='lat' dir='ltr'>nou</span> <span class='ocrx_word' id='word_1_152' title='bbox 1093 2472 1125 2533; x_wconf 89' lang='lat' dir='ltr'>te</span> <span class='ocrx_word' id='word_1_153' title='bbox 1146 2470 1220 2534; x_wconf 87' lang='lat' dir='ltr'>uilis</span> <span class='ocrx_word' id='word_1_154' title='bbox 1239 2469 1331 2542; x_wconf 84' lang='lat' dir='ltr'>ratio,</span> <span class='ocrx_word' id='word_1_155' title='bbox 1350 2465 1432 2531; x_wconf 84' lang='lat' dir='ltr'>leuis</span> 
     </span>
     <span class='ocr_line' id='line_1_20' title="bbox 286 2575 1432 2660; baseline 0.003 -20"><span class='ocrx_word' id='word_1_156' title='bbox 286 2595 389 2640; x_wconf 90' lang='lat' dir='ltr'>sermo</span> <span class='ocrx_word' id='word_1_157' title='bbox 412 2578 578 2660; x_wconf 87' lang='lat' dir='ltr'>perturbet</span> <span class='ocrx_word' id='word_1_158' title='bbox 596 2615 639 2625; x_wconf 89' lang='lat'>—</span> <span class='ocrx_word' id='word_1_159' title='bbox 658 2579 718 2642; x_wconf 89' lang='lat' dir='ltr'>hoe</span> <span class='ocrx_word' id='word_1_160' title='bbox 742 2581 793 2640; x_wconf 87' lang='lat' dir='ltr'>est</span> <span class='ocrx_word' id='word_1_161' title='bbox 816 2576 899 2640; x_wconf 90' lang='lat' dir='ltr'>enim</span> <span class='ocrx_word' id='word_1_162' title='bbox 925 2575 1141 2654; x_wconf 73' lang='lat' dir='ltr'>chananaeus,</span> <span class='ocrx_word' id='word_1_163' title='bbox 1165 2575 1295 2641; x_wconf 89' lang='lat' dir='ltr'>mobilis</span> <span class='ocrx_word' id='word_1_164' title='bbox 1319 2591 1432 2643; x_wconf 81' lang='lat' dir='ltr'>sermo.</span> 
     </span>
     <span class='ocr_line' id='line_1_21' title="bbox 286 2679 1504 2767; baseline -0.004 -21"><span class='ocrx_word' id='word_1_165' title='bbox 286 2682 418 2748; x_wconf 82' lang='lat' dir='ltr'>affectus</span> <span class='ocrx_word' id='word_1_166' title='bbox 432 2684 593 2749; x_wconf 88' lang='lat' dir='ltr'>instabilis</span> <span class='ocrx_word' id='word_1_167' title='bbox 608 2688 641 2749; x_wconf 89' lang='lat' dir='ltr'>et</span> <span class='ocrx_word' id='word_1_168' title='bbox 653 2683 795 2767; x_wconf 88' lang='lat' dir='ltr'>inquieta</span> <span class='ocrx_word' id='word_1_169' title='bbox 814 2685 973 2748; x_wconf 89' lang='lat' dir='ltr'>eontentio</span> <span class='ocrx_word' id='word_1_170' title='bbox 988 2723 1042 2761; x_wconf 90' lang='lat'>—-‚</span> <span class='ocrx_word' id='word_1_171' title='bbox 1058 2683 1113 2748; x_wconf 83' lang='lat' dir='ltr'>sed</span> <span class='ocrx_word' id='word_1_172' title='bbox 1133 2683 1236 2767; x_wconf 84' lang='lat' dir='ltr'>magis</span> <span class='ocrx_word' id='word_1_173' title='bbox 1255 2679 1430 2764; x_wconf 85' lang='lat' dir='ltr'>tranquilli·</span> <span class='ocrx_word' id='word_1_174' title='bbox 1447 2679 1504 2742; x_wconf 71' lang='lat' dir='ltr'>soll</span> 
     </span>
     <span class='ocr_line' id='line_1_22' title="bbox 285 2790 1433 2872; baseline -0.001 -19"><span class='ocrx_word' id='word_1_175' title='bbox 285 2793 384 2854; x_wconf 87' lang='lat' dir='ltr'>tatem</span> <span class='ocrx_word' id='word_1_176' title='bbox 414 2791 517 2856; x_wconf 87' lang='lat' dir='ltr'>cordis</span> <span class='ocrx_word' id='word_1_177' title='bbox 545 2795 577 2856; x_wconf 91' lang='lat' dir='ltr'>et</span> <span class='ocrx_word' id='word_1_178' title='bbox 604 2791 701 2855; x_wconf 92' lang='lat' dir='ltr'>animi</span> <span class='ocrx_word' id='word_1_179' title='bbox 729 2790 931 2855; x_wconf 76' lang='lat' dir='ltr'>serenitatem</span> <span class='ocrx_word' id='word_1_180' title='bbox 960 2790 1106 2872; x_wconf 84' lang='lat' dir='ltr'>placidus</span> <span class='ocrx_word' id='word_1_181' title='bbox 1134 2793 1270 2866; x_wconf 85' lang='lat' dir='ltr'>seruato,</span> <span class='ocrx_word' id='word_1_182' title='bbox 1294 2793 1333 2853; x_wconf 93' lang='lat' dir='ltr'>ut</span> <span class='ocrx_word' id='word_1_183' title='bbox 1355 2791 1433 2852; x_wconf 87' lang='lat' dir='ltr'>tam-</span> 
     </span>
     <span class='ocr_line' id='line_1_23' title="bbox 287 2895 1432 2979; baseline -0.001 -20"><span class='ocrx_word' id='word_1_184' title='bbox 287 2915 381 2978; x_wconf 88' lang='lat' dir='ltr'>quam</span> <span class='ocrx_word' id='word_1_185' title='bbox 408 2898 440 2962; x_wconf 94' lang='lat' dir='ltr'>in</span> <span class='ocrx_word' id='word_1_186' title='bbox 469 2899 536 2962; x_wconf 87' lang='lat' dir='ltr'>salo</span> <span class='ocrx_word' id='word_1_187' title='bbox 563 2897 659 2962; x_wconf 86' lang='lat' dir='ltr'>maris</span> <span class='ocrx_word' id='word_1_188' title='bbox 688 2900 792 2962; x_wconf 88' lang='lat' dir='ltr'>tutam</span> <span class='ocrx_word' id='word_1_189' title='bbox 819 2897 955 2962; x_wconf 86' lang='lat' dir='ltr'>nauibus</span> <span class='ocrx_word' id='word_1_190' title='bbox 985 2897 1155 2962; x_wconf 86' lang='lat' dir='ltr'>stationem</span> <span class='ocrx_word' id='word_1_191' title='bbox 1179 2900 1271 2979; x_wconf 90' lang='lat' dir='ltr'>portu</span> <span class='ocrx_word' id='word_1_192' title='bbox 1295 2895 1432 2978; x_wconf 85' lang='lat' dir='ltr'>quodam</span> 
     </span>
     <span class='ocr_line' id='line_1_24' title="bbox 234 3001 1432 3088; baseline 0.001 -24"><span class='ocrx_word' id='word_1_193' title='bbox 234 3001 359 3066; x_wconf 82' lang='lat' dir='ltr'>43tuae</span> <span class='ocrx_word' id='word_1_194' title='bbox 388 3004 505 3068; x_wconf 89' lang='lat' dir='ltr'>mentis</span> <span class='ocrx_word' id='word_1_195' title='bbox 534 3004 691 3068; x_wconf 82' lang='lat' dir='ltr'>exhibeas.</span> <span class='ocrx_word' id='word_1_196' title='bbox 720 3005 800 3068; x_wconf 82' lang='lat' dir='ltr'>hano</span> <span class='ocrx_word' id='word_1_197' title='bbox 829 3005 1065 3088; x_wconf 88' lang='lat' dir='ltr'>possessionem</span> <span class='ocrx_word' id='word_1_198' title='bbox 1089 3004 1149 3068; x_wconf 89' lang='lat' dir='ltr'>tibi</span> <span class='ocrx_word' id='word_1_199' title='bbox 1173 3003 1319 3068; x_wconf 91' lang='lat' dir='ltr'>dominus</span> <span class='ocrx_word' id='word_1_200' title='bbox 1343 3001 1432 3085; x_wconf 93' lang='lat' dir='ltr'>polli-</span> 
     </span>
     <span class='ocr_line' id='line_1_25' title="bbox 287 3109 1430 3194; baseline 0 -22"><span class='ocrx_word' id='word_1_201' title='bbox 287 3112 376 3173; x_wconf 86' lang='lat' dir='ltr'>cetur</span> <span class='ocrx_word' id='word_1_202' title='bbox 399 3114 431 3173; x_wconf 94' lang='lat' dir='ltr'>et</span> <span class='ocrx_word' id='word_1_203' title='bbox 454 3109 591 3193; x_wconf 88' lang='lat' dir='ltr'>quodam</span> <span class='ocrx_word' id='word_1_204' title='bbox 615 3111 803 3175; x_wconf 85' lang='lat' dir='ltr'>sacrementi</span> <span class='ocrx_word' id='word_1_205' title='bbox 826 3110 986 3194; x_wconf 85' lang='lat' dir='ltr'>promittit</span> <span class='ocrx_word' id='word_1_206' title='bbox 1008 3111 1147 3190; x_wconf 78' lang='lat' dir='ltr'>uinculo,</span> <span class='ocrx_word' id='word_1_207' title='bbox 1166 3113 1204 3175; x_wconf 89' lang='lat' dir='ltr'>ut</span> <span class='ocrx_word' id='word_1_208' title='bbox 1223 3109 1430 3175; x_wconf 79' lang='lat' dir='ltr'>constantiam</span> 
     </span>
     <span class='ocr_line' id='line_1_26' title="bbox 286 3215 1469 3300; baseline -0.003 -22"><span class='ocrx_word' id='word_1_209' title='bbox 286 3219 375 3279; x_wconf 89' lang='lat' dir='ltr'>tuam</span> <span class='ocrx_word' id='word_1_210' title='bbox 398 3215 511 3282; x_wconf 85' lang='lat' dir='ltr'>firmet.</span> <span class='ocrx_word' id='word_1_211' title='bbox 540 3236 642 3299; x_wconf 89' lang='lat' dir='ltr'>neque</span> <span class='ocrx_word' id='word_1_212' title='bbox 666 3217 749 3281; x_wconf 89' lang='lat' dir='ltr'>enim</span> <span class='ocrx_word' id='word_1_213' title='bbox 772 3217 851 3282; x_wconf 88' lang='lat' dir='ltr'>deus</span> <span class='ocrx_word' id='word_1_214' title='bbox 874 3217 945 3282; x_wconf 92' lang='lat' dir='ltr'>ideo</span> <span class='ocrx_word' id='word_1_215' title='bbox 969 3217 1063 3292; x_wconf 77' lang='lat' dir='ltr'>iurat,</span> <span class='ocrx_word' id='word_1_216' title='bbox 1089 3217 1174 3300; x_wconf 92' lang='lat' dir='ltr'>quod</span> <span class='ocrx_word' id='word_1_217' title='bbox 1197 3216 1256 3281; x_wconf 87' lang='lat' dir='ltr'>fide</span> <span class='ocrx_word' id='word_1_218' title='bbox 1275 3215 1431 3280; x_wconf 83' lang='lat' dir='ltr'>credentis</span> <span class='ocrx_word' id='word_1_219' title='bbox 1447 3235 1469 3275; x_wconf 73' lang='lat' dir='ltr'>es</span> 
     </span>
     <span class='ocr_line' id='line_1_27' title="bbox 286 3322 1430 3407; baseline 0 -22"><span class='ocrx_word' id='word_1_220' title='bbox 286 3322 428 3404; x_wconf 86' lang='lat' dir='ltr'>indigeat</span> <span class='ocrx_word' id='word_1_221' title='bbox 454 3325 510 3387; x_wconf 90' lang='lat' dir='ltr'>aut</span> <span class='ocrx_word' id='word_1_222' title='bbox 536 3324 792 3388; x_wconf 86' lang='lat' dir='ltr'>testimoniorum</span> <span class='ocrx_word' id='word_1_223' title='bbox 825 3323 1127 3407; x_wconf 87' lang='lat' dir='ltr'>adstipulatieuibus</span> <span class='ocrx_word' id='word_1_224' title='bbox 1160 3323 1335 3388; x_wconf 87' lang='lat' dir='ltr'>destitutus</span> <span class='ocrx_word' id='word_1_225' title='bbox 1369 3323 1430 3386; x_wconf 87' lang='lat' dir='ltr'>sul·</span> 
     </span>
     <span class='ocr_line' id='line_1_28' title="bbox 284 3429 1557 3536; baseline -0.005 -41"><span class='ocrx_word' id='word_1_226' title='bbox 284 3429 421 3513; x_wconf 87' lang='lat' dir='ltr'>fragium</span> <span class='ocrx_word' id='word_1_227' title='bbox 451 3430 639 3495; x_wconf 81' lang='lat' dir='ltr'>sacramenti</span> <span class='ocrx_word' id='word_1_228' title='bbox 666 3431 807 3513; x_wconf 89' lang='lat' dir='ltr'>requirat</span> <span class='ocrx_word' id='word_1_229' title='bbox 835 3431 919 3496; x_wconf 89' lang='lat' dir='ltr'>siout</span> <span class='ocrx_word' id='word_1_230' title='bbox 945 3431 1101 3509; x_wconf 85' lang='lat' dir='ltr'>homines,</span> <span class='ocrx_word' id='word_1_231' title='bbox 1131 3430 1184 3513; x_wconf 92' lang='lat' dir='ltr'>qui</span> <span class='ocrx_word' id='word_1_232' title='bbox 1212 3430 1305 3495; x_wconf 85' lang='lat' dir='ltr'>fidem</span> <span class='ocrx_word' id='word_1_233' title='bbox 1340 3430 1429 3494; x_wconf 90' lang='lat' dir='ltr'>uobis</span> <span class='ocrx_word' id='word_1_234' title='bbox 1483 3432 1499 3488; x_wconf 78' lang='lat' dir='ltr'>c</span> <span class='ocrx_word' id='word_1_235' title='bbox 1556 3513 1557 3536; x_wconf 14' lang='grc' dir='ltr'><strong>Χ</strong></span> 
     </span>
    </p>
   </div>
   <div class='ocr_carea' id='block_1_3' title="bbox 288 3671 1428 3831">
    <p class='ocr_par' dir='ltr' id='par_1_3' title="bbox 288 3671 1428 3831">
     <span class='ocr_line' id='line_1_29' title="bbox 376 3671 1428 3750; baseline 0.001 -24"><span class='ocrx_word' id='word_1_236' title='bbox 376 3674 394 3750; x_wconf 65' lang='lat'>⁴³5</span> <span class='ocrx_word' id='word_1_237' title='bbox 412 3671 492 3726; x_wconf 92' lang='lat' dir='ltr'>Philo</span> <span class='ocrx_word' id='word_1_238' title='bbox 512 3671 545 3725; x_wconf 87' lang='lat' dir='ltr'>de</span> <span class='ocrx_word' id='word_1_239' title='bbox 564 3689 631 3725; x_wconf 80' lang='lat' dir='ltr'>socr.</span> <span class='ocrx_word' id='word_1_240' title='bbox 650 3673 684 3725; x_wconf 80' lang='grc'>27</span> <span class='ocrx_word' id='word_1_241' title='bbox 703 3672 775 3742; x_wconf 87' lang='grc'>(180,</span> <span class='ocrx_word' id='word_1_242' title='bbox 795 3675 843 3738; x_wconf 82' lang='grc'>46;</span> <span class='ocrx_word' id='word_1_243' title='bbox 862 3673 876 3726; x_wconf 94' lang='grc' dir='ltr'>Ι</span> <span class='ocrx_word' id='word_1_244' title='bbox 895 3675 956 3738; x_wconf 88' lang='grc'>239,</span> <span class='ocrx_word' id='word_1_245' title='bbox 976 3675 991 3728; x_wconf 89' lang='lat'><strong>3</strong></span> <span class='ocrx_word' id='word_1_246' title='bbox 1014 3673 1056 3744; x_wconf 82' lang='lat' dir='ltr'>C.)</span> <span class='ocrx_word' id='word_1_247' title='bbox 1125 3677 1140 3728; x_wconf 87' lang='grc'><strong>5</strong></span> <span class='ocrx_word' id='word_1_248' title='bbox 1159 3673 1242 3728; x_wconf 80' lang='lat' dir='ltr'>Erod.</span> <span class='ocrx_word' id='word_1_249' title='bbox 1264 3674 1305 3739; x_wconf 87' lang='grc'>13,</span> <span class='ocrx_word' id='word_1_250' title='bbox 1327 3675 1428 3729; x_wconf 90' lang='grc'><strong>11-13</strong></span> 
     </span>
     <span class='ocr_line' id='line_1_30' title="bbox 288 3759 997 3831; baseline 0 -17"><span class='ocrx_word' id='word_1_251' title='bbox 288 3761 321 3815; x_wconf 78' lang='lat'>15</span> <span class='ocrx_word' id='word_1_252' title='bbox 339 3759 419 3813; x_wconf 90' lang='lat' dir='ltr'>Philo</span> <span class='ocrx_word' id='word_1_253' title='bbox 439 3760 472 3814; x_wconf 90' lang='lat' dir='ltr'>de</span> <span class='ocrx_word' id='word_1_254' title='bbox 492 3777 559 3814; x_wconf 82' lang='lat' dir='ltr'>seor.</span> <span class='ocrx_word' id='word_1_255' title='bbox 578 3761 612 3814; x_wconf 82' lang='lat'>27</span> <span class='ocrx_word' id='word_1_256' title='bbox 631 3761 704 3831; x_wconf 89' lang='lat'>(181,</span> <span class='ocrx_word' id='word_1_257' title='bbox 726 3762 771 3826; x_wconf 88' lang='lat'>10;</span> <span class='ocrx_word' id='word_1_258' title='bbox 791 3762 804 3816; x_wconf 98' lang='grc' dir='ltr'>Ι</span> <span class='ocrx_word' id='word_1_259' title='bbox 823 3763 884 3825; x_wconf 87' lang='grc'>239,</span> <span class='ocrx_word' id='word_1_260' title='bbox 902 3763 934 3816; x_wconf 90' lang='grc'>13</span> <span class='ocrx_word' id='word_1_261' title='bbox 956 3761 997 3828; x_wconf 85' lang='lat' dir='ltr'>O.)</span> 
     </span>
    </p>
   </div>
   <div class='ocr_carea' id='block_1_4' title="bbox 286 3920 1428 4437">
    <p class='ocr_par' dir='ltr' id='par_1_4' title="bbox 286 3920 1428 4437">
     <span class='ocr_line' id='line_1_31' title="bbox 322 3920 1426 3991; baseline 0 -18"><span class='ocrx_word' id='word_1_262' title='bbox 322 3921 338 3973; x_wconf 84' lang='lat'><strong>2</strong></span> <span class='ocrx_word' id='word_1_263' title='bbox 361 3920 434 3974; x_wconf 92' lang='lat' dir='ltr'>idem</span> <span class='ocrx_word' id='word_1_264' title='bbox 463 3921 548 3974; x_wconf 88' lang='lat' dir='ltr'>Vita</span> <span class='ocrx_word' id='word_1_265' title='bbox 569 3921 598 3973; x_wconf 91' lang='lat' dir='ltr'><em>B</em></span> <span class='ocrx_word' id='word_1_266' title='bbox 688 3922 704 3974; x_wconf 89' lang='lat'><strong>3</strong></span> <span class='ocrx_word' id='word_1_267' title='bbox 729 3921 831 3990; x_wconf 88' lang='lat' dir='ltr'>optulit</span> <span class='ocrx_word' id='word_1_268' title='bbox 853 3921 1007 3976; x_wconf 66' lang='lat' dir='ltr'>Sml‘P‘V</span> <span class='ocrx_word' id='word_1_269' title='bbox 1027 3928 1051 3975; x_wconf 86' lang='lat' dir='ltr'>et</span> <span class='ocrx_word' id='word_1_270' title='bbox 1069 3921 1097 3991; x_wconf 89' lang='lat' dir='ltr'>(p</span> <span class='ocrx_word' id='word_1_271' title='bbox 1117 3938 1150 3976; x_wconf 69' lang='lat' dir='ltr'>ezr</span> <span class='ocrx_word' id='word_1_272' title='bbox 1167 3921 1196 3989; x_wconf 90' lang='lat' dir='ltr'>b)</span> <span class='ocrx_word' id='word_1_273' title='bbox 1215 3923 1243 3975; x_wconf 92' lang='lat' dir='ltr'><em>B</em></span> <span class='ocrx_word' id='word_1_274' title='bbox 1261 3921 1365 3976; x_wconf 88' lang='lat' dir='ltr'>obtulit</span> <span class='ocrx_word' id='word_1_275' title='bbox 1382 3928 1426 3975; x_wconf 80' lang='lat' dir='ltr'>oei.</span> 
     </span>
     <span class='ocr_line' id='line_1_32' title="bbox 286 4007 1428 4080; baseline -0.001 -18"><span class='ocrx_word' id='word_1_276' title='bbox 286 4007 424 4062; x_wconf 84' lang='lat' dir='ltr'>9iuerint</span> <span class='ocrx_word' id='word_1_277' title='bbox 440 4013 507 4063; x_wconf 84' lang='lat' dir='ltr'>nata</span> <span class='ocrx_word' id='word_1_278' title='bbox 526 4010 551 4060; x_wconf 83' lang='lat' dir='ltr'><em>B</em></span> <span class='ocrx_word' id='word_1_279' title='bbox 626 4011 658 4063; x_wconf 91' lang='lat'>10</span> <span class='ocrx_word' id='word_1_280' title='bbox 677 4011 846 4064; x_wconf 83' lang='lat' dir='ltr'>sanctificate</span> <span class='ocrx_word' id='word_1_281' title='bbox 867 4015 906 4077; x_wconf 91' lang='lat' dir='ltr'>(ta</span> <span class='ocrx_word' id='word_1_282' title='bbox 925 4017 1006 4076; x_wconf 84' lang='lat' dir='ltr'>eros.)</span> <span class='ocrx_word' id='word_1_283' title='bbox 1026 4011 1053 4062; x_wconf 94' lang='lat' dir='ltr'><em>B</em></span> <span class='ocrx_word' id='word_1_284' title='bbox 1128 4012 1160 4066; x_wconf 84' lang='lat'>13</span> <span class='ocrx_word' id='word_1_285' title='bbox 1180 4009 1251 4080; x_wconf 88' lang='lat' dir='ltr'>quod</span> <span class='ocrx_word' id='word_1_286' title='bbox 1272 4010 1379 4070; x_wconf 79' lang='lat' dir='ltr'>addidi.</span> <span class='ocrx_word' id='word_1_287' title='bbox 1399 4013 1428 4061; x_wconf 87' lang='lat' dir='ltr'>ut</span> 
     </span>
     <span class='ocr_line' id='line_1_33' title="bbox 287 4098 1427 4169; baseline 0.003 -20"><span class='ocrx_word' id='word_1_288' title='bbox 287 4099 352 4151; x_wconf 68' lang='lat' dir='ltr'>«edd.</span> <span class='ocrx_word' id='word_1_289' title='bbox 377 4098 417 4151; x_wconf 76' lang='lat' dir='ltr'>ed.</span> <span class='ocrx_word' id='word_1_290' title='bbox 441 4098 520 4152; x_wconf 85' lang='lat' dir='ltr'>Rom.</span> <span class='ocrx_word' id='word_1_291' title='bbox 629 4100 657 4151; x_wconf 93' lang='lat' dir='ltr'>in</span> <span class='ocrx_word' id='word_1_292' title='bbox 681 4099 840 4168; x_wconf 88' lang='lat' dir='ltr'>quibusdam</span> <span class='ocrx_word' id='word_1_293' title='bbox 864 4100 970 4152; x_wconf 88' lang='lat' dir='ltr'>iuuenis</span> <span class='ocrx_word' id='word_1_294' title='bbox 994 4099 1060 4154; x_wconf 65' lang='lat' dir='ltr'>litia</span> <span class='ocrx_word' id='word_1_295' title='bbox 1082 4099 1243 4169; x_wconf 86' lang='lat' dir='ltr'>quibusdam</span> <span class='ocrx_word' id='word_1_296' title='bbox 1266 4101 1293 4153; x_wconf 94' lang='lat' dir='ltr'>in</span> <span class='ocrx_word' id='word_1_297' title='bbox 1318 4100 1427 4168; x_wconf 75' lang='lat' dir='ltr'>uenisp</span> 
     </span>
     <span class='ocr_line' id='line_1_34' title="bbox 288 4187 1424 4258; baseline 0 -18"><span class='ocrx_word' id='word_1_298' title='bbox 288 4190 321 4241; x_wconf 82' lang='lat'>15</span> <span class='ocrx_word' id='word_1_299' title='bbox 340 4191 369 4240; x_wconf 90' lang='lat' dir='ltr'>et</span> <span class='ocrx_word' id='word_1_300' title='bbox 386 4187 501 4256; x_wconf 87' lang='lat' dir='ltr'>inquieti</span> <span class='ocrx_word' id='word_1_301' title='bbox 520 4187 547 4239; x_wconf 88' lang='lat' dir='ltr'><em>B</em></span> <span class='ocrx_word' id='word_1_302' title='bbox 566 4194 591 4241; x_wconf 82' lang='lat' dir='ltr'>et</span> <span class='ocrx_word' id='word_1_303' title='bbox 610 4192 650 4255; x_wconf 92' lang='lat' dir='ltr'>(et</span> <span class='ocrx_word' id='word_1_304' title='bbox 667 4193 725 4254; x_wconf 65' lang='lat' dir='ltr'>md)</span> <span class='ocrx_word' id='word_1_305' title='bbox 754 4189 883 4258; x_wconf 79' lang='lat' dir='ltr'>Veique</span> <span class='ocrx_word' id='word_1_306' title='bbox 907 4189 1023 4258; x_wconf 87' lang='lat' dir='ltr'>inquieti</span> <span class='ocrx_word' id='word_1_307' title='bbox 1046 4190 1161 4242; x_wconf 82' lang='lat' dir='ltr'>Monac.</span> <span class='ocrx_word' id='word_1_308' title='bbox 1186 4190 1284 4242; x_wconf 68' lang='grc'><strong>14399</strong></span> <span class='ocrx_word' id='word_1_309' title='bbox 1310 4187 1424 4242; x_wconf 77' lang='lat' dir='ltr'>Uindod.</span> 
     </span>
     <span class='ocr_line' id='line_1_35' title="bbox 290 4275 1426 4348; baseline -0.003 -19"><span class='ocrx_word' id='word_1_310' title='bbox 290 4278 349 4329; x_wconf 77' lang='lat'>758</span> <span class='ocrx_word' id='word_1_311' title='bbox 417 4277 450 4330; x_wconf 87' lang='grc'>19</span> <span class='ocrx_word' id='word_1_312' title='bbox 470 4276 613 4330; x_wconf 87' lang='lat' dir='ltr'>conturbet</span> <span class='ocrx_word' id='word_1_313' title='bbox 630 4277 666 4329; x_wconf 85' lang='grc' dir='ltr'><em>Μ</em></span> <span class='ocrx_word' id='word_1_314' title='bbox 745 4294 878 4331; x_wconf 83' lang='lat' dir='ltr'>cananeus</span> <span class='ocrx_word' id='word_1_315' title='bbox 896 4277 934 4332; x_wconf 80' lang='lat' dir='ltr'><em>M</em></span> <span class='ocrx_word' id='word_1_316' title='bbox 999 4279 1030 4331; x_wconf 91' lang='grc'>21</span> <span class='ocrx_word' id='word_1_317' title='bbox 1052 4277 1345 4348; x_wconf 78' lang='lat' dir='ltr'>placidusppleoitus</span> <span class='ocrx_word' id='word_1_318' title='bbox 1364 4275 1426 4330; x_wconf 79' lang='lat' dir='ltr'>libri</span> 
     </span>
     <span class='ocr_line' id='line_1_36' title="bbox 287 4363 951 4437; baseline 0.008 -21"><span class='ocrx_word' id='word_1_319' title='bbox 287 4365 321 4418; x_wconf 81' lang='grc'>25</span> <span class='ocrx_word' id='word_1_320' title='bbox 341 4363 401 4417; x_wconf 87' lang='lat' dir='ltr'>ideo</span> <span class='ocrx_word' id='word_1_321' title='bbox 422 4363 453 4417; x_wconf 75' lang='lat' dir='ltr'>ds</span> <span class='ocrx_word' id='word_1_322' title='bbox 472 4367 498 4416; x_wconf 79' lang='lat' dir='ltr'><strong><em>A</em></strong></span> <span class='ocrx_word' id='word_1_323' title='bbox 553 4367 587 4419; x_wconf 90' lang='grc'>26</span> <span class='ocrx_word' id='word_1_324' title='bbox 607 4370 654 4420; x_wconf 82' lang='lat' dir='ltr'>eut</span> <span class='ocrx_word' id='word_1_325' title='bbox 672 4367 895 4437; x_wconf 81' lang='lat' dir='ltr'>stipulationibus</span> <span class='ocrx_word' id='word_1_326' title='bbox 914 4367 951 4421; x_wconf 82' lang='grc' dir='ltr'><em>Μ</em></span> 
     </span>
    </p>
   </div>
   <div class='ocr_carea' id='block_1_5' title="bbox 0 0 1576 4967">
    <p class='ocr_par' dir='ltr' id='par_1_5' title="bbox 0 0 1576 4967">
     <span class='ocr_line' id='line_1_37' title="bbox 0 0 1576 4967; baseline 0 0"><span class='ocrx_word' id='word_1_327' title='bbox 0 0 1576 4967; x_wconf 95' lang='lat' dir='ltr'> </span> 
     </span>
    </p>
   </div>
  </div>
 </body>
</html>
