3142 4967
515 464 664 517 Erameron
684 462 695 517 l
717 464 741 525 8,
761 463 796 517 28
833 463 856 534 (I
878 463 910 517 15
930 461 1023 517 C-16
1041 462 1087 529 D).
1317 465 1358 528 27

214 660 364 725 eaelum
406 661 446 722 ut
486 658 613 723 lunius
657 658 864 723 solidatum
906 660 976 733 est,
1016 660 1118 722 terra
1159 660 1282 721 autem
1319 660 1361 722 ut

213 767 488 831 uestimentum
521 767 750 829 ueteresoet.
779 764 857 834 haee
884 767 968 828 terra
996 768 1055 837 est,
1084 783 1165 847 quae
1193 768 1265 829 ante
1293 770 1361 830 erat

212 871 422 955 inconposita.
450 870 589 936 noudum
617 875 706 935 erant
733 870 815 935 enim
844 870 944 935 maria
971 890 1029 935 suo
1057 870 1118 935 fine
1142 870 1301 949 distincta,
1326 876 1359 935 et
1378 873 1449 927 loa

213 981 284 1045 ideo
314 998 396 1065 uago
425 978 525 1043 fluctu
550 982 583 1043 et
604 978 758 1061 profundo
784 977 911 1061 gurgite
934 982 1017 1041 terra
1040 977 1263 1043 inundabatur.
1288 996 1360 1042 oon-

179 1087 318 1153 ⁵sidera
347 1086 421 1169 quia
449 1085 546 1150 etiam
573 1103 656 1173 nuno
683 1084 819 1167 palustri
847 1083 967 1169 uligine
995 1086 1078 1149 terra
1105 1084 1265 1149 inhorrere
1288 1104 1360 1150 eon-

213 1193 322 1257 sueuit
357 1212 414 1257 neo
451 1192 575 1275 patiens
612 1195 663 1257 est
698 1191 850 1269 uomens,
886 1190 943 1255 ubi
980 1190 1107 1255 infusus
1143 1191 1236 1256 terris
1269 1210 1361 1256 umor

213 1300 360 1364 exundat.
398 1301 465 1362 erat
501 1316 575 1382 argo
616 1298 826 1379 inconposita,
868 1300 979 1380 utpote
1021 1297 1160 1363 sollertis
1202 1297 1359 1383 agricolae

212 1409 335 1471 inarata
363 1405 509 1483 culturis,
539 1405 613 1488 quia
642 1404 745 1469 adhue
773 1404 882 1469 deerat
908 1405 1021 1469 cultor.
1051 1407 1119 1468 erat
1148 1403 1358 1487 inconposita,

212 1512 289 1595 quia
315 1512 401 1577 nuda
428 1511 629 1596 gignentium
656 1529 714 1577 neo
742 1509 821 1575 toris
850 1510 986 1575 herbosa
1012 1509 1153 1595 riparum
1181 1530 1237 1575 neo
1261 1529 1360 1595 opaea

162 1642 192 1680 ιο
211 1619 394 1685 nemoribus
409 1638 466 1683 nee
480 1620 565 1684 laeta
579 1618 743 1702 segetibus
762 1636 819 1683 neo
838 1618 988 1683 umbrosa
1006 1617 1185 1701 superciliis
1203 1618 1361 1683 montium

211 1744 269 1791 naa
302 1726 431 1791 odorata
463 1724 595 1789 fioribus
627 1742 685 1788 neo
719 1727 810 1808 grata
841 1724 968 1790 uinetis.
1002 1724 1115 1789 merito
1146 1724 1398 1807 inconposita‚B

212 1851 292 1914 quae
312 1831 475 1897 ornatibus
489 1831 664 1915 indigebat,
680 1831 731 1895 eui
747 1830 877 1895 deerant
889 1830 1007 1895 uitium
1022 1834 1107 1895 serta
1120 1830 1359 1915 gemmantium.
1380 1822 1383 1827 ’

212 1938 377 2005 ostendere
410 1938 494 2003 enim
527 1936 634 2003 uoluit
665 1938 744 2002 deus
779 1938 854 2019 quia
880 1956 937 2001 neo
964 1938 1104 2002 mundus
1131 1938 1201 2021 ipse
1228 1937 1361 2002 haberet

212 2046 358 2129 gratiam,
382 2044 445 2109 nisi
464 2065 538 2110 eum
556 2044 644 2109 uario
665 2045 754 2110 cultu
775 2048 919 2128 operator
938 2048 1090 2110 ornasset.
1111 2044 1232 2110 eaelum
1251 2044 1356 2127 ipsum
1384 2029 1387 2035 ’

162 2174 190 2214 rs
210 2152 367 2217 intextum
390 2152 528 2218 nubibus
553 2152 712 2217 horrorem
737 2152 850 2227 oeulis,
874 2150 1068 2215 maestitiam
1091 2151 1205 2217 animis
1225 2151 1359 2215 exaitare

210 2259 390 2339 consueuit,
404 2262 489 2324 terra
502 2260 656 2325 imbribus
671 2258 848 2323 madefacta
866 2257 995 2323 fastidio
1015 2262 1075 2337 est,
1094 2258 1192 2323 maria
1209 2259 1358 2339 procellis

208 2364 338 2430 turbata
372 2385 451 2448 quos
484 2386 545 2431 non
577 2365 739 2431 incutiunt
770 2368 904 2429 metus?
935 2365 1150 2448 pulcherrima
1177 2368 1227 2429 est
1253 2384 1359 2429 rerum

210 2472 353 2553 species:
381 2472 437 2537 sad
462 2473 537 2554 quid
561 2476 647 2538 esset
670 2472 736 2537 siue
759 2471 891 2550 lumine,
916 2472 992 2554 quid
1011 2472 1079 2537 sine
1098 2472 1262 2553 temperie,
1283 2471 1400 2553 quido

210 2578 280 2641 sine
306 2598 462 2660 aquarum
487 2580 740 2663 congregatione,
765 2578 882 2661 quibus
907 2582 979 2643 ante
1004 2578 1147 2643 demersa
1168 2578 1235 2661 poli
1262 2578 1358 2643 huius

159 2684 410 2751 retrahebantur
438 2686 588 2751 exordia?
615 2686 695 2751 tolle
724 2687 825 2751 solem
849 2686 952 2761 terris,
977 2685 1055 2749 tolle
1079 2686 1167 2749 eaelo
1192 2684 1358 2748 stellarum

210 2792 344 2874 globos:
370 2792 475 2858 omnia
493 2794 631 2858 tenebris
649 2793 881 2858 inhorrescunt.
902 2792 948 2856 sie
968 2795 1042 2870 erat,
1061 2795 1231 2874 autequam
1249 2792 1358 2855 lumen

208 2897 283 2961 huie
316 2899 433 2963 mundo
468 2899 614 2965 domiuus
647 2900 838 2963 infunderet.
868 2903 900 2963 et
926 2899 998 2964 ideo
1027 2900 1184 2982 scriptura
1212 2898 1257 2961 ait
1284 2898 1359 2979 quia

207 3006 386 3071 tenebrae
429 3008 534 3071 erant
575 3026 687 3089 super
728 3006 917 3089 abyssum.
959 3006 1110 3070 tenebrae
1146 3007 1245 3081 erant,
1283 3003 1358 3085 quia

207 3111 357 3195 splendor
380 3111 486 3177 deerat
508 3112 602 3189 lueis,
625 3113 771 3178 tenebrae
796 3115 892 3191 erant,
912 3112 987 3195 quia
1005 3131 1057 3175 aer
1074 3112 1143 3194 ipse
1161 3111 1349 3176 tenebrosus

157 3240 186 3279 ιε,
207 3220 266 3283 est.
296 3237 377 3300 aqua
402 3217 473 3299 ipsa
501 3219 560 3283 sub
588 3219 670 3283 nube
698 3218 865 3283 tenebrosa
892 3221 951 3294 est,
980 3218 1055 3301 quia
1076 3218 1243 3282 tenebrosa
1266 3222 1391 3300 aqual)

206 3323 238 3387 in
264 3324 403 3389 nubibus
427 3324 520 3392 aeris.
545 3328 633 3389 erant
655 3344 730 3409 ergo
755 3326 903 3389 tenebrae
923 3343 1020 3406 super
1038 3325 1172 3407 abyssos
1191 3344 1354 3406 aquarum.

205 3450 266 3494 non
313 3432 396 3495 enim
442 3431 541 3496 malas
587 3432 816 3516 intellegendas
864 3432 997 3496 arbitror
1041 3434 1227 3514 potestates,
1270 3432 1356 3513 quod

206 3536 353 3602 domiuus
387 3557 495 3603 earum
531 3538 685 3603 malitiam
725 3539 891 3616 creauerit,
927 3558 1000 3603 oum
1036 3538 1148 3621 utique
1184 3557 1246 3602 non
1281 3538 1354 3603 sub-

295 3784 313 3834 4
331 3782 394 3839 Bas.
414 3783 448 3836 36
467 3781 490 3835 Α
511 3783 556 3849 (15
575 3782 609 3844 Β)
671 3785 687 3837 6
705 3782 789 3853 Uerg.
810 3782 1025 3852 Georg.11223
1087 3784 1104 3837 9
1125 3783 1189 3837 Sall.
1209 3783 1272 3837 bell.
1293 3783 1353 3853 Ing.

205 3870 249 3931 79,
269 3872 285 3925 6
306 3871 386 3941 Uerg.
406 3870 472 3925 Aen.
492 3870 602 3925 111674
650 3872 683 3927 10
700 3872 782 3942 Uerg.
804 3872 903 3941 Georg.
923 3873 937 3926 I
959 3874 970 3925 l
1015 3874 1049 3927 23
1070 3872 1135 3927 Gen.
1157 3874 1180 3935 1,
1200 3874 1216 3926 2
1235 3872 1299 3928 Bas.
1319 3874 1353 3926 36

203 3958 251 4013 BC
271 3959 414 4025 37a<15
434 3958 524 4024 C-E,
546 3962 578 4013 16
598 3962 631 4027 Α)
687 3962 803 4015 atlans.
824 3960 962 4015 3713-1)
985 3962 1145 4029 (roa—o)

241 4099 257 4151 2
278 4101 431 4154 ueteraaoet
453 4100 476 4153 B
566 4102 582 4154 3
602 4102 672 4155 enim
693 4104 771 4155 erant
789 4100 855 4154 N‘B
939 4104 955 4156 6
974 4119 1051 4155 umor
1068 4100 1170 4156 N‘rllB
1189 4104 1286 4158 humor
1304 4111 1352 4157 oet.

206 4189 238 4241 11
259 4187 373 4242 odorata
391 4186 413 4240 Π
434 4189 517 4243 odora
536 4190 565 4244 N
638 4192 670 4245 15
691 4191 773 4245 animi
795 4190 852 4244 GV
923 4192 956 4245 16
975 4196 1072 4244 terram
1093 4192 1111 4244 i.
1130 4191 1309 4245 madefactam
1331 4192 1355 4245 0

206 4277 239 4331 18
259 4276 307 4331 sed
327 4277 434 4347 quidsi
456 4278 481 4332 G
501 4278 533 4345 (ai
553 4295 573 4333 a.
593 4296 621 4332 u.
642 4282 696 4345 rn2)
720 4280 802 4333 Croni.
853 4279 1170 4335 armentariam
1217 4282 1250 4334 27
1270 4282 1351 4335 intel-

203 4365 350 4435 legendum
369 4365 399 4420 N
