3142 4967
422 472 464 525 Dc
482 471 541 525 Noe
561 474 604 539 26,
624 469 728 525 94-'97
767 471 792 539 (1
811 472 862 525 267
882 471 995 525 A-ucs
1015 472 1059 539 B).
1246 476 1308 539 481

164 668 343 733 hominis
367 667 411 731 de
430 667 546 731 manu
565 665 709 730 fratris
730 667 818 731 eius
839 668 1060 749 exquiram.
1081 686 1119 731 an
1139 686 1200 731 non
1219 668 1316 732 frater

165 779 216 839 est
234 794 329 857 quem
346 773 545 838 rationabilis
564 777 694 837 naturae
714 772 842 855 quidam
863 778 971 837 uterus
992 773 1103 839 effudit
1123 778 1153 838 et
1173 774 1314 839 eiirsdem

164 882 276 946 matris
300 881 391 947 nobis
416 879 576 963 generatio
601 880 786 961 copnluuit?
811 880 920 943 eadem
939 881 1022 944 enirn
1042 883 1153 945 natura
1173 882 1314 945 omnium

18 1017 19 1034 r
165 991 269 1052 mater
292 990 341 1052 est
363 987 538 1064 bominum,
564 992 596 1052 et
617 988 689 1052 ideo
712 987 827 1051 fratres
852 1006 963 1051 sumus
993 1006 1101 1051 omnes
1129 1006 1190 1052 nna
1219 982 1313 1070 atque

18 1055 20 1168 1
134 1120 147 1157 s
166 1095 275 1160 eadem
294 1097 395 1159 matre
414 1094 554 1178 generati
573 1094 836 1178 cognationisque
852 1094 963 1159 codem
978 1094 1045 1159 iure
1061 1094 1211 1160 deuincti.
1232 1095 1318 1159 ideo·
1346 1102 1367 1154 1]

17 1207 18 1286 l
81 1204 120 1267 95
167 1221 227 1284 qne
242 1206 275 1266 et
289 1200 435 1266 dominus
449 1201 577 1265 fratrem
593 1200 766 1284 appellauit
782 1204 901 1265 etcum
921 1201 1060 1277 fratrem,
1076 1220 1095 1265 a
1109 1221 1170 1285 quo
1187 1200 1316 1285 sanguis

165 1308 273 1372 fratris
298 1307 481 1389 exquiritur,
506 1316 595 1389 <qna
618 1317 673 1378 re>
699 1308 859 1391 significat
881 1308 984 1391 magis
1008 1308 1046 1371 ub
1067 1308 1116 1373 his
1140 1308 1317 1389 pericnlum

166 1414 455 1497 pertimescendum
483 1414 537 1495 qui
565 1414 700 1477 fraterno
734 1413 796 1477 sibi
827 1414 895 1477 iure
928 1413 1098 1479 sociantur.
1132 1414 1205 1477 hino
1234 1414 1317 1477 enim

167 1521 310 1597 insidiae,
333 1522 407 1585 hinc
434 1520 575 1603 pericula
597 1521 812 1603 frequentiora
835 1518 1015 1585 hominibus
1041 1524 1264 1604 comparantur
1287 1525 1319 1585 ot

124 1650 150 1689 ro
168 1633 206 1691 ut
236 1627 381 1710 speciale
406 1627 720 1709 comprehendamus,
753 1626 838 1709 quod
867 1627 1018 1691 fratribus
1057 1627 1248 1710 specialibus
1286 1627 1317 1691 in

168 1734 353 1799 hereditatis
384 1734 540 1799 diuisione
572 1736 754 1817 frequenter
786 1734 859 1798 odia
891 1736 1106 1799 succrescunt.
1144 1734 1256 1797 deinde
1291 1734 1318 1797 si

170 1842 257 1905 fratri
286 1841 422 1924 amplius
451 1842 604 1906 collatum
627 1842 725 1906 fuerit
752 1860 770 1904 a
798 1841 993 1925 parentibus
1018 1842 1130 1905 fratres
1155 1840 1210 1905 elii
1236 1840 1317 1903 indi·
1345 1849 1367 1903 F

170 1951 306 2033 guantur
336 1950 440 2033 magis
469 1953 502 2013 ot
529 1950 662 2033 gratiam
696 1950 852 2014 conlatum
888 1969 905 2013 e
936 1949 1120 2031 parentibus
1152 1947 1317 2031 parricidio

170 2057 291 2120 auferre
320 2058 483 2120 conantur.
515 2056 578 2119 ista
605 2056 707 2139 magis
736 2056 820 2121 bellu
848 2061 1007 2138 suspecta,
1036 2055 1120 2119 bella
1147 2074 1207 2120 non
1242 2054 1319 2118 ciui·

127 2182 151 2221 rs
169 2165 283 2239 tatum,
321 2162 378 2226 sed
415 2162 614 2245 singularum
650 2162 827 2227 domorum.
868 2162 941 2227 illos
979 2180 1053 2245 orgo
1092 2161 1237 2227 dominus
1280 2162 1317 2225 ad

169 2268 301 2334 ultionis
332 2268 486 2333 indicium
517 2270 752 2352 conprehendit,
782 2289 861 2352 quos
890 2270 993 2353 magis
1024 2269 1227 2334 insidiaturos
1257 2267 1317 2331 sibi

84 2372 125 2435 bo
171 2394 241 2440 esse
266 2376 427 2459 cognouit.
451 2376 580 2440 tertium
606 2380 655 2439 est
678 2376 762 2458 quod
785 2376 818 2440 in
843 2395 878 2439 eo
902 2376 1029 2440 fratrem
1056 2375 1144 2452 dixit,
1168 2394 1228 2439 non
1254 2382 1416 2456 qu0268ll

171 2482 284 2565 dignus
308 2483 436 2564 pietatis
465 2484 590 2548 nornine
618 2485 773 2566 parricida
801 2486 853 2563 sit,
884 2485 939 2549 sed
968 2503 1029 2567 quo
1058 2484 1160 2567 magis
1188 2483 1317 2565 pietatis

170 2592 322 2672 grauetur
350 2591 507 2656 uocabulo
536 2593 632 2671 atque
660 2591 731 2655 inde
759 2591 815 2655 fiat
838 2591 967 2656 sceleris
990 2592 1230 2663 incrementum,
1256 2608 1317 2671 quo

126 2716 153 2754 ιο
170 2694 285 2761 iustior
303 2697 347 2760 sit
364 2697 506 2761 uindicta
520 2698 677 2764 caelestis.
698 2717 771 2782 ergo
787 2698 932 2763 dominus
949 2698 1026 2762 deus
1042 2700 1150 2761 noster
1162 2697 1314 2761 ultionem

170 2803 337 2884 promittit,
366 2808 404 2868 ut
430 2806 483 2869 uel
511 2806 557 2869 sic
585 2806 749 2889 frangatur
776 2808 865 2869 metu
895 2806 950 2888 qui
972 2805 1100 2887 pietatis
1125 2808 1175 2869 est
1197 2804 1315 2869 oblitus

171 2914 202 2972 et
224 2909 307 2974 sciat
333 2910 418 2991 qnod
447 2911 573 2976 etiamsi
601 2912 745 2977 homines
774 2912 906 2996 effugiat
934 2912 1103 2989 homicida,
1133 2910 1183 2974 dei
1210 2912 1315 2974 tamen

171 3015 323 3080 iudicium
347 3036 408 3081 non
431 3018 536 3098 possit
558 3018 703 3094 euadere,
728 3020 785 3083 sed
807 3019 920 3083 maiori
944 3020 975 3081 et
1003 3021 1127 3081 aeterno
1157 3015 1313 3099 supplicio

82 3118 124 3182 97
169 3126 358 3188 reseruetnr.
390 3124 502 3189 altiore
530 3130 637 3189 autem
666 3145 761 3190 sensu
790 3126 850 3189 hoc
873 3126 1100 3209 intellegimus
1125 3118 1186 3189 non
1211 3123 1314 3187 solum
1341 3132 1364 3187 B

124 3250 150 3287 2⁵
170 3229 207 3292 ab
242 3234 460 3295 extraneorum
491 3232 627 3305 insidiis,
660 3252 773 3296 uerum
807 3232 901 3295 etiarn
935 3252 953 3296 a
983 3232 1110 3309 nostris,
1138 3232 1198 3295 boc
1226 3233 1317 3294 estu

170 3335 353 3401 domesticis
368 3338 459 3402 nobis
475 3338 722 3421 cogitationibus
739 3339 926 3415 cauendum,
951 3338 1063 3402 deinde
1083 3337 1316 3404 obseruandum

169 3442 261 3507 nobis
284 3462 344 3507 non
370 3443 474 3508 solum
498 3464 516 3508 a
538 3446 661 3509 malitia
684 3445 812 3522 mentis,
837 3464 947 3509 uerum
972 3446 1067 3509 etiarn
1092 3446 1131 3508 ab
1155 3444 1233 3526 ipsis
1255 3463 1315 3508 ser-

203 3737 219 3790 6
240 3753 301 3790 cnm
315 3736 425 3792 fratrem
440 3738 531 3792 PBM
543 3756 601 3792 enm
616 3739 685 3807 DN,
700 3740 850 3809 appellauit
866 3742 893 3793 et
907 3756 968 3793 euin
981 3739 1090 3793 fratrem
1107 3755 1157 3793 ont.
1177 3739 1200 3792 0
1235 3741 1250 3792 7
1265 3756 1317 3808 qna

167 3842 196 3878 re
215 3826 316 3879 addidi
423 3827 561 3896 signifieat
586 3828 644 3881 GM
666 3834 693 3882 et
717 3829 854 3897 significat
872 3829 898 3881 P
921 3831 960 3895 (et
983 3847 1004 3883 a.
1023 3846 1050 3882 u.
1071 3832 1127 3895 m3)
1151 3828 1211 3881 T¹B
1230 3830 1312 3899 signi·

166 3914 249 3967 ficana
271 3914 330 3969 DN
381 3916 499 3986 8enim]
519 3918 619 3971 etenim
637 3917 702 3970 DN
752 3919 785 3971 12
806 3917 853 3971 alii
872 3916 967 3971 fratres
986 3918 1014 3970 Β
1074 3918 1108 3971 14
1126 3919 1270 3973 ciuitatum
1288 3922 1316 3974 Β

166 4008 192 4056 et
216 4004 346 4066 (uitatum
371 4005 403 4058 irc
427 4006 495 4074 raa.)
524 4006 555 4061 T*
586 4006 685 4061 ciuium
711 4010 818 4060 tentum
844 4008 881 4061 M
905 4006 958 4061 cibi
986 4011 1092 4061 tantum
1123 4012 1173 4075 (trn
1203 4010 1238 4075 Ο)
1267 4016 1315 4063 cet.

168 4119 200 4173 17
223 4136 278 4173 non
298 4086 330 4190 <⁰1⁰
346 4120 375 4187 (d
393 4125 475 4188 erac.)
495 4122 526 4175 N
586 4121 619 4175 18
637 4123 746 4176 nomine
758 4167 763 4179 .
776 4166 781 4175 .
795 4166 799 4175 .
812 4123 924 4193 pietatis
943 4140 993 4177 om.
1017 4124 1076 4177 OM
1136 4125 1171 4179 20
1190 4118 1315 4179 caelestis

165 4208 193 4261 P
216 4210 251 4273 (is
276 4210 309 4262 in
333 4226 389 4263 roc.
415 4228 449 4265 ec
474 4216 513 4275 es)
543 4211 604 4265 T‘B
630 4212 723 4265 celesti
752 4212 811 4265 OM
835 4213 942 4267 scelesti
966 4212 995 4265 Ι)
1021 4220 1046 4267 et
1072 4215 1119 4281 (sti
1144 4214 1175 4297 ire
1199 4217 1267 4279 rac.)
1287 4212 1320 4265 N

200 4298 279 4351 Nm*
297 4303 383 4363 (oster
400 4304 457 4367 m2)
478 4301 506 4352 P
574 4302 609 4355 23
628 4301 723 4354 maiori
741 4301 769 4355 P
790 4303 822 4370 (ri
842 4319 875 4356 ex
893 4308 932 4367 re)
1006 4304 1041 4357 25
1061 4302 1167 4357 insidiis
1186 4319 1236 4357 om.
1257 4303 1318 4356 DN

201 4388 287 4442 aalt.
307 4403 358 4441 om.
377 4388 408 4443 N

191 4512 283 4552 xxxu.
295 4512 376 4553 Ambr.
390 4523 444 4563 pm
459 4516 478 4565 l,
492 4514 550 4555 lue.
563 4518 580 4554 1.
1245 4498 1278 4551 31
