3142 4967
384 494 426 547 De
444 493 505 549 Noe
523 494 566 549 26.
586 495 628 558 27,
647 494 772 549 98-102
810 495 835 564 (Ι
853 494 905 551 268
926 494 1037 551 0-269
1056 497 1101 563 D).
1251 500 1318 565 483

169 691 207 752 ut
228 687 367 771 primum
395 688 599 755 excludamus
627 691 889 774 philosophorum
918 690 1114 773 quorundam
1144 690 1316 772 opiniones,
1345 695 1366 749 F

169 796 224 878 qui
246 799 363 879 negant
385 794 481 860 deum
500 815 607 860 curam
626 796 741 862 habere
760 816 856 881 super
874 797 1029 875 homines,
1050 796 1161 861 deiude
1180 797 1317 862 scientes

167 902 423 987 praerogatiuam
451 907 578 967 nostrae
605 904 738 969 ultionis
767 904 852 988 apud
881 904 973 969 deum
1003 924 1128 969 manere
1156 923 1257 985 neque
1284 904 1316 967 in

168 1008 248 1073 alios
272 1010 509 1076 committamus
534 1013 619 1093 quod
643 1013 751 1078 diuino
770 1013 889 1078 iudicio
909 1011 1135 1078 uindicandum
1154 1011 1316 1094 sitneque

136 1135 149 1173 s
167 1114 232 1198 ipsi
253 1119 390 1180 mortem
412 1118 635 1184 uehementius
658 1119 932 1203 pertimescamus,
957 1140 1030 1185 cum
1055 1117 1193 1184 sciamus
1213 1119 1317 1183 necati

166 1222 304 1288 hominis
325 1222 503 1289 innocentis
527 1226 611 1309 apud
634 1226 729 1292 deum
753 1228 878 1292 nullum
902 1246 973 1292 esse
997 1230 1225 1309 contemptum.

7 1316 120 1408 ”still
211 1328 295 1395 Non
328 1330 408 1395 erit
439 1331 544 1413 inquit
576 1332 792 1410 diluuium,
825 1337 870 1397 nt
900 1337 1134 1415 corrumpat
1164 1343 1415 1399 omnem269d

166 1439 325 1503 terram.
350 1438 484 1503 dubium
507 1439 635 1505 uidetur
658 1442 766 1505 utrum
791 1440 875 1505 enim
899 1459 971 1505 non
1001 1441 1080 1505 erit
1110 1439 1314 1504 diluuium
1342 1451 1365 1505 B

165 1544 416 1629 intellegendum
447 1546 490 1610 sit
517 1546 613 1628 ‘quod
641 1546 800 1611 diluuium
829 1550 1009 1630 corrumpat
1036 1550 1163 1611 terram‘
1188 1546 1314 1610 -hoo

122 1671 148 1710 ro
166 1650 249 1715 enim
273 1650 397 1716 diluuia
420 1652 521 1717 iacere
544 1657 739 1719 consuerunt
757 1690 801 1701 —
821 1673 857 1717 an
878 1672 953 1719 nero
973 1656 1042 1719 ‘non
1064 1653 1210 1719 erit'tale
1234 1653 1314 1718 dilu-

164 1757 265 1836 uium,
291 1778 352 1841 quo
375 1762 459 1823 terra
477 1760 578 1825 omnis
599 1762 839 1843 corrumpatur‘.
863 1760 946 1843 quod
964 1760 1141 1843 posteriora
1159 1760 1314 1841 aperiunt,

166 1884 238 1929 cum
267 1865 345 1930 dicit
372 1884 497 1930 omnem
525 1868 640 1931 terra'm
669 1886 730 1933 non
763 1868 1040 1950 corrumpendam,
1066 1867 1206 1933 ostendit
1230 1867 1313 1931 euim

165 1971 288 2036 diluuia
311 1970 439 2054 quidem
464 1992 534 2037 ease
556 1973 675 2051 futura,
700 1975 757 2038 sed
775 1994 836 2039 uon
856 1976 934 2040 talia
953 1975 1069 2057 quibus
1090 1974 1192 2039 omnis
1210 1975 1315 2057 possit

40 2070 98 2134 102
164 2080 248 2142 terra
270 2079 438 2161 corrumpi.
463 2099 575 2145 seusus
601 2084 708 2146 autem
731 2082 793 2147 hoc
816 2082 911 2147 altior
932 2082 1038 2159 habet,
1059 2080 1142 2163 quod
1161 2081 1225 2144 iam
1244 2100 1313 2163 pro·

121 2205 147 2245 rc
163 2185 306 2250 uidentia
323 2186 431 2250 futura
449 2187 493 2251 sit
511 2187 640 2265 domiui,
658 2208 698 2252 ue
717 2191 843 2253 tantum
863 2188 906 2253 sit
924 2188 1082 2252 diluuium
1103 2187 1313 2269 corporalium
1341 2189 1362 2245 c

162 2293 358 2375 passionum,
386 2297 424 2357 ut
451 2294 556 2358 anima
584 2294 685 2359 omnis
713 2294 858 2359 intereat.
893 2298 925 2360 et
957 2294 1083 2377 quidem
1117 2314 1179 2357 non
1212 2294 1312 2358 audeo

163 2398 267 2463 dicere
304 2399 378 2482 quia
415 2400 543 2465 uidetur
580 2400 727 2466 dominus
765 2406 904 2467 statuere
938 2402 1023 2483 quod
1056 2401 1175 2465 nullius
1209 2400 1313 2464 anima

162 2506 266 2588 possit
287 2506 415 2589 penitus
438 2508 574 2574 interire.
607 2508 683 2591 quid
707 2508 791 2573 euim
815 2509 853 2573 de
876 2508 1032 2591 parricida
1056 2508 1212 2572 dicimus?
1236 2506 1310 2589 quid

163 2611 257 2676 etiam
282 2614 321 2677 de
343 2614 512 2692 homicida,
537 2614 613 2698 quid
637 2614 676 2680 de
700 2615 853 2695 adultero,
878 2615 1015 2699 quidde
1040 2612 1311 2696 praeuaricatore?

117 2738 241 2800 acquae
269 2719 300 2784 ei
327 2723 433 2801 partes
462 2722 584 2786 animae
612 2722 651 2786 ad
679 2723 807 2786 neniam
839 2724 1060 2787 reseruamus‘?
1093 2720 1174 2784 unde
1208 2719 1311 2803 magis

160 2823 241 2889 illud
270 2826 403 2893 arbitror
427 2828 512 2910 qnod
535 2831 689 2911 prouocet
711 2828 859 2895 dominus
883 2829 962 2893 deus
985 2830 1101 2901 noster,
1125 2830 1162 2890 ut
1186 2826 1311 2890 etiamsi

161 2932 233 3014 quis
264 2932 403 2999 leuiores
436 2934 515 2999 alias
548 2935 665 3000 habeat
696 2936 871 3020 passiones,
906 2954 968 3000 nou
1005 2935 1133 3017 penitus
1171 2932 1311 2997 diuinam
1338 2938 1363 2990 D

160 3037 306 3121 desperet
328 3041 463 3125 gratiam
487 3060 545 3106 nec
565 3043 756 3108 omnimodis
774 3044 938 3108 uicturum
957 3062 991 3107 se
1011 3060 1081 3106 esse
1101 3040 1235 3117 diffidat,
1256 3040 1311 3104 sed

161 3146 286 3211 etiamsi
323 3149 373 3211 eat
403 3148 584 3214 luxuriosus
618 3169 676 3215 nec
708 3154 816 3233 potest
848 3149 991 3215 studium
1025 3149 1126 3213 uitare
1158 3147 1310 3223 luxuriae,

114 3278 140 3319 aa
161 3252 199 3317 ab
223 3252 378 3317 adulterio
402 3257 509 3319 tamen
534 3255 663 3320 studeat
685 3260 871 3339 temperare,
897 3256 940 3320 sit
963 3255 1109 3339 epulandi
1131 3255 1310 3331 delectatio,

158 3380 219 3427 non
248 3362 414 3444 stuprandi
442 3364 494 3430 sit.
529 3366 578 3429 set
606 3365 733 3430 etiamsi
759 3365 867 3430 nescio
896 3365 951 3447 qui
980 3382 1106 3442 auarus,
1131 3363 1185 3446 qui
1210 3365 1311 3428 aliena

159 3467 300 3553 diripuit,
330 3469 425 3535 eiecit
451 3469 603 3554 pupillos,
633 3471 813 3536 eliminauit
839 3472 964 3549 uiduus,
992 3471 1046 3535 uel
1069 3473 1182 3553 postea
1205 3474 1310 3534 tamen

157 3576 189 3641 in
225 3577 451 3661 paenitentiam
489 3598 654 3663 regressus
690 3580 841 3645 restituat
873 3579 957 3662 quod
992 3578 1136 3642 abstulit.
1175 3577 1310 3659 denique

247 3753 263 3805 'l
283 3752 350 3807 Gen.
370 3754 396 3817 9,
416 3753 448 3808 11
469 3753 549 3807 Philo
570 3753 683 3821 Quaest.
702 3754 731 3809 II
751 3756 785 3811 63

190 3876 333 3930 3mauere
352 3877 381 3930 P
398 3881 425 3943 (a
444 3894 477 3931 ex
495 3896 509 3931 e
527 3881 585 3946 snt)
641 3879 845 3934 tcoutemtum
864 3879 891 3933 P
944 3878 1052 3933 danim
1072 3878 1123 3935 del.
1146 3876 1177 3930 T'
1230 3842 1309 3929 ³dilu-

155 3964 230 4018 uium
248 3983 303 4019 non
322 3967 374 4021 erit
391 3966 455 4021 DN
541 3970 559 4022 9
576 3969 673 4022 molior
692 3968 825 4024 diluuium
845 3968 918 4038 quod
1010 3968 1043 4022 10
1063 3970 1263 4021 consueuerunt
1280 3966 1309 4019 N

156 4054 188 4107 ll
209 4054 422 4124 qnodtcrraN
512 4058 585 4127 quod
607 4073 659 4112 om.
678 4057 713 4111 N
799 4058 832 4113 13
857 4076 915 4113 esse
935 4074 986 4115 om.
1009 4055 1133 4110 T‘BCM
1221 4056 1309 4125 possit

154 4143 293 4197 omnisM
333 4145 366 4199 19
385 4146 452 4215 quid
471 4146 504 4200 de
523 4146 647 4201 adultero
668 4150 829 4217 transponit
848 4154 913 4202 uate
931 4146 997 4217 quid
1017 4148 1099 4201 etiam
1114 4144 1146 4200 N
1188 4145 1221 4199 21
1238 4132 1308 4199 il:

153 4236 247 4287 noster
264 4232 363 4287 Pnon
384 4234 417 4288 T‘
437 4240 521 4305 (exp.)
540 4236 600 4300 Bo,
621 4253 671 4291 om.
691 4242 739 4291 cet.
795 4238 830 4291 22
850 4254 904 4291 nou
923 4254 974 4291 om.
989 4236 1049 4290 DN
1122 4234 1241 4289 diuinam
1260 4250 1308 4303 pe·

154 4322 228 4375 nitus
242 4320 278 4374 N
326 4323 361 4376 25
380 4322 493 4378 dilectio
507 4324 534 4377 B
587 4325 622 4379 26
640 4326 685 4379 sit.
706 4328 749 4379 set
765 4326 866 4395 scripsi
883 4326 965 4379 sitan
979 4325 1007 4377 P
1024 4324 1062 4378 sit
1080 4328 1127 4378 cet.
1201 4323 1248 4392 qui
1261 4339 1308 4393 pr,

156 4408 238 4464 Pno
254 4410 316 4481 quis
338 4412 370 4466 T‘
388 4418 437 4467 eet.
492 4414 526 4468 27
546 4414 664 4483 pupillos
683 4415 710 4468 P
730 4418 757 4484 (o
777 4431 811 4469 ea
828 4420 856 4479 u)
912 4412 1201 4483 audentqueom.13

1221 4518 1273 4573 31*
