3142 4967
252 483 318 547 430
726 476 925 531 Ambrosii

254 676 422 741 claudicet.
454 676 563 757 itaque
594 674 660 751 ille,
693 675 748 757 qui
780 674 1032 760 gloriosissimus
1070 673 1255 752 habebatur,
1293 672 1403 737 amisit

255 783 371 861 ornnio,
403 778 583 846 mirabilem
611 781 827 847 consiliarium
856 784 888 845 et
914 780 1103 865 prudentem
1131 780 1343 845 architectum
1370 784 1403 844 et

256 890 432 972 sapientem
462 889 651 966 auditorem,
678 888 751 964 iste,
780 888 836 971 qui
862 888 1012 972 ignobilis
1037 892 1114 964 erat,
1138 887 1272 970 adeptus
1297 885 1404 951 omnia

255 996 329 1061 fidei
352 997 459 1070 titulo,
481 998 612 1077 tropaeo
636 998 821 1079 martyrum,
848 994 1032 1079 angelorum
1055 994 1210 1077 gloriatur
1232 992 1402 1059 consortio.

256 1122 331 1187 ergo
359 1103 452 1167 Plato
481 1102 566 1185 quod
592 1100 700 1184 potuit
722 1101 876 1165 sermonis
900 1100 1034 1166 nitorem
1058 1100 1214 1178 adhibuit,
1238 1099 1404 1181 apostolus
1433 1123 1444 1161 a

257 1214 375 1287 autem,
404 1209 459 1292 qui
485 1208 623 1273 habebat
650 1207 702 1272 dei
728 1208 887 1289 spiritum,
916 1208 1074 1277 reuelauit
1100 1206 1297 1289 mysterium.
1325 1204 1404 1269 satis
1460 1214 1480 1267 D

258 1318 380 1382 dictum
409 1316 447 1379 de
475 1315 569 1392 ostio,
599 1314 747 1396 quoniam
775 1314 831 1396 qui
856 1318 938 1379 retro
963 1318 1052 1379 erant
1073 1314 1194 1398 priores
1217 1312 1293 1378 laeti
1318 1314 1404 1377 sunt.

163 1421 254 1510 9327
300 1422 393 1488 Nunc
421 1422 502 1486 illud
530 1440 730 1504 quaeramus,
755 1420 832 1504 quid
857 1422 900 1484 sit
923 1420 1007 1502 quod
1030 1420 1143 1485 dixerit
1166 1419 1330 1485 dominns:
1354 1419 1405 1481 in·
1460 1420 1478 1473 E

258 1532 412 1597 seriora
430 1548 547 1595 orcae
570 1528 824 1593 bicamerata
848 1534 885 1593 et
908 1526 1174 1593 tricamerata
1196 1526 1337 1592 iacies.
1361 1526 1405 1589 in-

258 1617 371 1704 feriora
399 1637 526 1719 quidem
556 1634 687 1700 dicendo
715 1635 913 1700 aduertimns
942 1634 1027 1717 quod
1053 1635 1184 1718 pulchre
1208 1634 1325 1699 sentire
1348 1650 1406 1697 nos
1424 1658 1446 1696 u

259 1744 398 1810 uoluerit
428 1743 575 1808 infeu'ore
607 1744 678 1806 loco
711 1740 909 1806 aestimanda
938 1742 1080 1807 ciborum
1107 1740 1318 1827 receptacula,
1347 1739 1407 1805 hoc
1547 1808 1548 1811 Ἴ

259 1857 310 1916 est
333 1870 369 1916 ea
392 1850 525 1927 uiscera,
550 1866 630 1930 quae
654 1850 823 1931 acceptum
846 1847 1018 1913 conficiunt
1045 1848 1162 1914 cibum.
1191 1846 1407 1928 corruptibilis
1547 1836 1548 1909 l

261 1958 346 2022 enim
365 1975 438 2022 esca
457 1958 516 2032 est,
541 1954 627 2038 quod
649 1958 758 2019 autem
781 1954 987 2039 corruptibile
1010 1974 1071 2019 non
1095 1954 1312 2039 superioribus
1336 1972 1408 2019 oon-

260 2063 444 2148 parandum,
468 2062 525 2128 sed
547 2061 759 2127 inferioribus.
792 2060 889 2125 simul
913 2061 988 2143 quia
1011 2061 1159 2127 deorsum
1182 2062 1274 2127 cibus
1298 2062 1407 2135 fertur,

262 2170 354 2235 cuius
387 2171 500 2253 exigua
530 2168 634 2251 portio
667 2167 792 2232 uiribus
830 2168 969 2250 corporis
1006 2168 1237 2251 alimoniaeque
1274 2167 1408 2251 proficit,
1426 2190 1448 2231 ra
1463 2166 1479 2218 F

261 2277 385 2359 reliqua
402 2294 475 2360 pars
495 2276 567 2339 aluo
586 2272 750 2358 purganda
774 2272 952 2351 deducitur,
976 2273 1050 2355 quia
1071 2272 1223 2339 intestina
1245 2277 1332 2351 sunt,
1356 2291 1410 2357 per

194 2386 238 2449 28
263 2403 343 2467 quae
371 2383 566 2448 descendunt
589 2380 733 2446 ciborum
756 2380 925 2462 superflua,
954 2381 1000 2444 ita
1024 2385 1168 2463 operator
1190 2384 1299 2445 noster
1320 2380 1409 2445 insti·

263 2492 336 2570 tuit,
359 2494 481 2555 utnon
513 2493 638 2555 extenta
660 2509 679 2553 a
701 2490 868 2554 stomacho
888 2488 927 2555 ad
950 2489 1061 2567 imum,
1086 2490 1143 2554 sed
1165 2489 1326 2554 insinuata
1350 2489 1411 2553 sint

264 2618 300 2663 oo
317 2597 441 2674 reflexa,
462 2616 524 2678 qno
543 2597 629 2661 uitae
649 2600 774 2661 nostrae
794 2615 873 2660 usus
897 2600 1136 2681 propagaretur.
1160 2615 1234 2661 nam
1257 2597 1285 2660 si
1310 2600 1409 2660 exten·

265 2705 414 2769 derentur
426 2704 577 2769 intestina
595 2703 743 2782 hominis,
763 2722 844 2785 quae
864 2703 1045 2785 suscipiunt
1063 2706 1094 2769 et
1114 2703 1277 2769 deducunt
1295 2704 1411 2777 cibum,
1427 2726 1450 2765 ao

266 2812 376 2875 statim
409 2811 476 2875 sine
507 2811 575 2875 ulla
605 2810 813 2893 pertransiret
844 2830 932 2875 mora
964 2814 997 2876 et
1023 2830 1154 2876 neeesse
1183 2813 1270 2875 esset
1296 2810 1412 2895 iugiter

264 2918 386 2982 esurire
413 2937 481 2993 nos,
509 2917 628 3001 iugiter
655 2917 776 2999 epulari
805 2920 860 2981 aut
887 2917 1060 2982 desistente
1088 2918 1313 2983 alimentorum
1342 2918 1411 2982 sub-

265 3025 384 3089 stantia
398 3024 531 3089 deficere
545 3024 629 3089 ilico.
649 3042 733 3088 nuuc
753 3028 860 3088 autern
879 3025 911 3089 in
931 3024 988 3088 illa
1004 3024 1229 3090 intestinorum
1247 3024 1412 3090 reflexione

266 3150 304 3195 ac
331 3130 510 3195 sinuatione
537 3131 689 3211 bipertita
716 3150 752 3195 ac
780 3130 939 3213 tripertita
966 3131 1076 3197 haeret
1103 3132 1194 3197 cibus
1223 3136 1256 3197 et
1287 3132 1412 3197 deseen-

266 3236 368 3301 dendo
392 3237 547 3318 paulatim
569 3237 655 3301 uires
677 3237 848 3316 ministrat,
873 3256 986 3303 sucum
1010 3238 1150 3304 infundit
1173 3240 1306 3322 corpori,
1330 3238 1518 3305 teneantur

267 3345 461 3422 satietatem,
494 3343 598 3408 differt
625 3344 738 3408 edendi
764 3346 991 3427 appetentiam,
1018 3364 1076 3410 nec
1105 3346 1212 3411 subita
1239 3346 1352 3411 effusio
1379 3364 1413 3409 ac

268 3452 431 3536 repentina
463 3451 630 3517 euacuatio
663 3454 713 3515 est
744 3471 801 3516 neo
833 3452 1033 3536 inexplebilis
1066 3452 1248 3537 adpetentia
1280 3458 1330 3519 est
1359 3472 1414 3519 uec

359 3696 409 3751 61
428 3695 491 3751 Cor.
511 3697 535 3760 7,
555 3697 590 3750 40
646 3695 746 3751 7Luc.
767 3698 809 3761 13,
829 3696 864 3752 30
919 3697 935 3751 8
956 3696 1022 3754 Gen.
1043 3699 1069 3762 6,
1091 3698 1124 3752 16
1137 3698 1217 3752 Philo
1232 3698 1344 3763 Quaest.
1359 3698 1414 3751 Ili

307 3854 458 3925 4tropheo
478 3854 506 3907 P
523 3854 553 3920 (h
571 3872 592 3911 s.
611 3859 650 3919 a.)
671 3860 719 3911 cet.
775 3855 791 3908 7
812 3854 912 3908 dictum
936 3856 1080 3909 Tdictum
1100 3856 1183 3910 estP
1202 3859 1254 3923 (est
1271 3873 1292 3911 s.
1312 3874 1340 3911 u.
1359 3860 1415 3920 2112)

277 3942 367 3997 Y¹NB
411 3944 606 4013 Squaeremus
624 3945 683 3998 NB
743 3944 812 3999 dixit
829 3944 863 3999 N
904 3946 969 3998 9et
986 3946 1160 3999 tricamerata
1178 3946 1275 4000 ouaT
1321 3946 1354 4000 10
1369 3962 1417 3999 nos

271 4034 373 4086 sentire
391 4032 425 4087 N
469 4035 499 4088 ll
520 4034 688 4087 inferioriN
732 4035 766 4089 14
785 4034 833 4089 sed
852 4034 1024 4089 inferioribus
1044 4034 1301 4103 comparandurnN
1344 4032 1416 4111 18⁴2]

272 4120 309 4174 ad
329 4120 357 4185 (d
376 4139 435 4190 exp.
454 4126 512 4189 ηι2)
531 4123 564 4187 P,
588 4124 655 4190 sort.
674 4123 707 4176 ab
816 4124 953 4178 insinuata
970 4125 998 4178 P
1019 4126 1059 4190 (in
1083 4124 1133 4178 del.
1158 4128 1215 4191 m2)
1239 4124 1347 4178 sinuata
1371 4129 1416 4177 cel.

274 4211 307 4263 21
327 4210 438 4279 iugiter]
459 4228 565 4280 semper
583 4212 616 4265 N
693 4214 727 4266 22
747 4212 896 4267 desistente
919 4216 942 4265 lr
963 4213 1073 4277 (sistent
1090 4214 1121 4267 in
1138 4220 1207 4279 rus.)
1228 4212 1371 4267 deficiente
1390 4210 1419 4265 N

274 4299 309 4351 24
331 4298 426 4352 haeret
448 4301 547 4367 scribsi
567 4301 652 4355 habet
677 4302 703 4354 T
723 4302 837 4355 haberet
860 4303 887 4355 P
908 4302 1037 4357 adhaeret
1055 4304 1083 4356 P
1099 4319 1169 4358 corr.
1188 4308 1231 4357 ml
1249 4310 1295 4357 eet.
1391 4306 1416 4354 et

272 4402 326 4439 om.
349 4386 375 4439 Τ
462 4390 497 4441 26
517 4390 646 4444 allusione
665 4391 753 4458 Ptne
772 4396 855 4457 erae.)
947 4393 988 4460 ac]
1010 4392 1109 4445 antN
1194 4393 1228 4445 27
1248 4391 1418 4447 uacuatioT
