3142 4967
411 486 453 539 Ile
472 486 531 541 Noe
550 488 575 552 9,
594 488 701 542 27-29
737 488 764 559 (I
781 488 833 543 237
853 488 968 543 1)-238
988 488 1031 559 D).
1231 494 1292 557 43]

147 682 339 749 insatiabilis
368 682 518 766 epulandi
544 682 655 749 libido.
684 683 822 767 primum
852 702 925 769 ergo
951 684 1128 769 indigentia
1157 690 1243 751 esset
1266 690 1298 752 et

147 795 258 869 furnes,
292 791 404 857 deinde
437 811 474 855 er
505 790 556 855 his
589 795 775 872 sequeretur
807 791 919 857 edendi
956 792 1025 857 sine
1061 792 1296 859 intermissione

147 898 355 965 continuatio.
375 898 451 979 quid
469 900 577 961 arrtem
596 895 769 963 deformius
790 916 884 981 quam
902 900 1142 980 semperuentri
1157 900 1295 979 studere,

147 1007 201 1090 qui
237 1015 312 1071 euin
343 1004 483 1087 repletur
514 1003 699 1069 uaouandns
731 1006 791 1083 est,
821 1024 892 1069 oum
921 1008 1078 1070 uaoustur
1103 1004 1295 1087 replendus?

116 1117 278 1179 sturbium
306 1112 384 1196 qnid
411 1114 541 1196 superat
567 1111 630 1175 nisi
656 1130 743 1176 mors
770 1111 853 1177 inter
880 1112 967 1195 ipsos
1000 1113 1088 1178 eibos
1121 1115 1295 1197 epulasque
1318 1124 1340 1177 B

145 1222 323 1304 permixta?
357 1220 514 1302 quomodo
548 1218 631 1284 enirn
664 1222 812 1303 poterant
844 1219 966 1285 diutius
994 1221 1095 1285 uitam
1123 1220 1295 1304 producere

145 1329 243 1393 simul
261 1326 391 1392 edentes
411 1330 443 1392 et
461 1325 648 1403 esurientes,
667 1326 813 1391 bibentes
834 1326 1042 1410 sitientesque
1062 1330 1094 1392 et
1110 1327 1295 1409 priusquam

144 1436 344 1518 replerentur
380 1432 594 1498 exinanientes
632 1452 724 1498 omne
761 1433 848 1513 quod
885 1438 1088 1516 sumpserant
1123 1433 1296 1518 statimque

145 1542 343 1606 esurientes?
371 1560 456 1605 nuno
480 1544 588 1607 autern
607 1541 682 1605 dum
706 1540 861 1623 paulatim
886 1540 1051 1606 deseendit
1074 1559 1155 1619 esca,
1179 1540 1296 1607 famem

104 1669 129 1707 10
145 1652 178 1713 et
206 1648 398 1713 cruditatem
425 1647 579 1712 naturalis
610 1650 769 1730 temperat
799 1646 1010 1729 prouidentia.
1042 1646 1180 1730 primum
1212 1647 1294 1712 enim

143 1757 177 1819 in
210 1754 386 1831 stomacho,
424 1773 518 1836 quem
554 1753 698 1835 plerique
730 1756 875 1818 uentrem
903 1754 1063 1838 appellant
1090 1753 1295 1837 superiorem,

146 1860 315 1927 conficitur
346 1860 449 1938 oibus,
482 1858 596 1925 deinde
624 1858 773 1942 ooquitnr
798 1860 829 1923 in
858 1859 961 1925 iecore
990 1863 1085 1941 atque
1114 1879 1150 1926 eo
1178 1879 1295 1943 uapore
1320 1870 1341 1927 C

145 1968 313 2051 digeritur.
337 1986 434 2032 susus
458 1966 529 2031 eius
552 1965 708 2031 diuiditur
730 1966 827 2030 sertis
850 1966 1011 2031 nisoernm
1030 1966 1240 2050 portionibus,
1260 1986 1296 2031 er

145 2096 208 2159 quo
238 2094 331 2140 omne
360 2091 475 2157 eorpus
503 2072 650 2138 ualesoit.
684 2072 771 2155 quod
798 2072 876 2137 satis
905 2072 1064 2139 iuniorum
1092 2073 1295 2153 incrementa,

103 2202 127 2242 ιε
145 2202 259 2248 senum
295 2180 487 2247 testificatur
517 2180 762 2264 perseuerantia.
800 2181 960 2262 reliquum
993 2180 1056 2245 eibi
1088 2180 1119 2244 in
1152 2185 1296 2246 uentrem

145 2289 267 2367 defluit,
305 2308 400 2372 quem
437 2306 547 2352 omues
583 2291 729 2351 uentrem
766 2287 964 2371 appellamus
1002 2288 1070 2352 sine
1109 2287 1296 2368 adiectione,

143 2397 288 2479 plerique
311 2397 456 2460 uentrem
481 2394 591 2461 dieunt
612 2394 803 2469 inferiorem,
829 2413 865 2458 er
889 2413 951 2476 quo
973 2395 1067 2459 timus
1086 2414 1216 2459 neeesse
1236 2399 1295 2474 est,

144 2502 200 2586 qui
227 2503 343 2586 plenus
370 2502 432 2566 iarn
463 2502 675 2586 corruptionis
703 2500 917 2581 descenderat,
952 2505 1098 2585 egeratur
1128 2521 1184 2585 per
1215 2502 1294 2566 illud

144 2629 187 2674 er
202 2614 388 2675 transuerso
413 2608 543 2673 ostium.

63 2710 139 2780 2920
187 2717 276 2782 Haeo
301 2736 375 2781 oum
396 2715 444 2780 ita
465 2715 552 2779 fabre
575 2715 712 2780 naturali
736 2713 938 2779 institutione
965 2714 1005 2778 ad
1029 2714 1078 2778 dei
1101 2715 1294 2797 praeceptio·
1315 2726 1338 2779 l)

143 2843 216 2888 nem
254 2822 433 2906 composita
463 2821 622 2899 uidentur,
654 2825 761 2886 tamen
794 2821 857 2887 nisi
887 2842 905 2885 a
934 2821 1025 2885 nobis
1058 2820 1170 2886 edendi
1202 2840 1295 2905 agen-

136 2930 240 3012 dique
269 2948 419 2995 mensura
446 2933 602 3007 seruetur,
629 2932 793 3010 tamquam
822 2928 1063 2993 exuberantibus
1092 2929 1295 3012 passionibus

143 3040 314 3117 generatur
341 3036 501 3102 diluuium
524 3041 557 3102 et
580 3037 734 3119 quaedam
763 3036 864 3099 totius
891 3036 981 3100 labes
1005 3035 1160 3118 eorporis;
1183 3036 1296 3099 intern-

143 3144 290 3226 perantia
318 3144 402 3208 enim
427 3144 573 3209 aseendit
593 3143 769 3220 libidinem,
795 3142 984 3207 eruditatem
1010 3147 1147 3227 generat,
1172 3160 1298 3226 eorrup-

99 3272 124 3315 rs
141 3251 242 3315 telam
267 3253 363 3317 ereat.
387 3251 496 3333 itaque
519 3254 575 3315 aut
593 3250 710 3314 duritie
727 3249 851 3315 interna
868 3249 1043 3314 tenduntnr
1061 3253 1093 3313 et
1111 3251 1299 3333 quatiuntur

142 3358 309 3423 doloribus
324 3360 381 3421 aut
395 3358 520 3422 inooeto
540 3358 683 3423 ciborum
702 3377 812 3422 umore
831 3360 863 3423 et
881 3358 1106 3441 indigestionis
1127 3358 1297 3439 asperitate

139 3463 276 3529 interior
312 3464 441 3546 quidam
478 3464 703 3529 intestinorum
740 3464 878 3529 amiotus
916 3463 1047 3541 raditur,
1090 3463 1166 3545 quia
1207 3464 1299 3528 uelut

179 3780 192 3833 l
214 3777 366 3849 indigentie
391 3779 421 3831 T‘
438 3777 589 3847 indigentie
608 3778 635 3830 B
739 3781 812 3831 esset
831 3780 859 3831 et
880 3777 905 3830 Τ
923 3782 964 3830 est
984 3782 1011 3830 et
1030 3777 1106 3829 Pmr
1124 3776 1157 3829 N
1173 3780 1246 3830 esset
1264 3778 1291 3829 P

140 3868 333 3922 rn3T¹e‘eB
388 3866 689 3936 5cibnsP(oexn)
744 3864 976 3935 6procedereN
1029 3865 1290 3918 letbibentesT

178 3960 207 4008 et
226 3972 279 4009 om.
298 3955 325 4007 B
399 3956 432 4009 lo
452 3959 585 4024 temperet
603 3954 751 4023 prudentia
769 3954 796 4005 B
870 3956 899 4007 ll
922 3954 1086 4023 superiorem
1107 3953 1248 4023 appellant
1267 3956 1294 4007 B

142 4046 176 4097 12
197 4043 346 4113 quoqoitur
368 4043 393 4095 Τ
478 4044 612 4112 digeritur
630 4060 730 4112 uapore
749 4042 782 4096 N
854 4045 886 4097 13
913 4060 1047 4111 sucusque
1066 4043 1094 4096 B
1166 4044 1200 4097 20
1220 4044 1297 4097 sobre

146 4132 237 4186 TPB
256 4132 346 4194 irabre
365 4133 399 4195 P,
417 4149 469 4187 em.
490 4134 520 4186 N
601 4134 633 4186 21
656 4133 800 4185 uideantur
823 4132 854 4185 T'
874 4136 901 4197 (a
920 4149 941 4185 s.
960 4139 999 4197 a.)
1020 4132 1053 4185 N
1125 4132 1178 4185 nisi
1197 4150 1248 4186 orrr.
1268 4134 1300 4186 N

180 4222 389 4277 edeNdiPrN
409 4222 606 4290 excernens)
679 4220 956 4275 odendianobisN
1005 4222 1038 4274 22
1057 4237 1183 4275 mensura
1202 4239 1253 4275 orn.
1268 4220 1297 4273 N

140 4312 176 4365 27)
201 4309 302 4364 duritie
326 4311 428 4378 scripsi
451 4309 568 4363 duritiae
592 4310 648 4363 PT
671 4310 771 4362 duritia
791 4316 838 4363 cel.
931 4311 964 4364 26
984 4326 1076 4362 unrnre
1100 4310 1125 4362 T
1140 4310 1252 4363 humore
1271 4310 1299 4363 P

145 4399 222 4462 (hum
241 4417 262 4453 s.
283 4404 386 4465 umt’)
407 4405 453 4453 eet.
510 4401 544 4453 27
565 4415 617 4468 qna
636 4399 663 4451 P
