3142 4967
321 462 362 515 De
381 461 449 516 Cain
468 467 495 515 et
513 461 582 516 Abel
601 462 629 516 II
648 464 673 516 6.
694 465 718 522 7.
738 463 845 518 23-25
883 463 907 530 (l
926 463 978 517 216
997 463 1107 517 ll-217
1127 463 1168 530 F).
1244 467 1309 530 399

161 663 235 726 litas
259 658 476 725 consideratur
500 661 532 722 et
555 657 698 724 affectus.
723 661 809 722 recte
832 659 932 742 igitur
951 659 1078 742 optulit,
1098 660 1172 742 qnia
1190 660 1309 726 oblatio
1335 665 1356 721 c

161 767 284 851 insigne
314 764 493 832 deuotionis
522 768 554 829 ot
580 764 734 829 indicium
763 765 935 850 gratiarum
964 769 1023 845 est,
1052 766 1108 831 sed
1137 785 1198 831 non
1226 771 1311 832 recte

163 874 283 951 diuisit,
318 874 393 957 quia
425 875 496 938 ante
527 871 633 938 omnia
661 873 719 938 deo
750 873 863 938 debuit
890 873 1008 938 deferre
1036 873 1204 956 primitias,
1233 879 1311 939 ute

162 981 264 1067 gratia
290 981 453 1046 inchoaret
480 979 629 1070 auctoris.
659 979 775 1044 etenim
806 980 973 1044 diuisiouis
1001 980 1054 1044 hic
1082 981 1156 1046 ordo
1186 983 1245 1058 est,
1274 985 1312 1045 ut

132 1090 264 1173 aprima
291 1087 451 1165 secundis,
479 1105 541 1151 non
569 1087 680 1169 primis
708 1086 848 1152 secunda
875 1091 1079 1170 praecurrant
1106 1090 1138 1151 et
1162 1088 1311 1154 caelestia

161 1195 306 1274 terrenis,
329 1214 392 1259 uon
415 1197 538 1258 terrena
561 1193 753 1258 caelestibus
777 1195 1001 1276 praeferantur.

49 1302 119 1382 tul
207 1302 271 1368 Sed
308 1301 384 1385 quia
416 1299 491 1366 Cain
525 1300 670 1365 confudit
700 1300 784 1365 buno
818 1301 969 1377 ordinem,
1003 1300 1121 1365 dicitur
1153 1302 1196 1366 ei:
1230 1317 1353 1385 pec-1>

162 1409 276 1484 casti3
311 1408 478 1492 quiesce.
511 1407 617 1471 omnia
647 1407 742 1506 docet
774 1406 862 1482 dous,
891 1408 1029 1490 primum
1056 1427 1094 1472 ne
1121 1425 1245 1489 pecces,
1275 1413 1311 1474 ut

160 1517 193 1580 iu
216 1515 318 1580 Adam
341 1516 475 1590 monuit,
496 1514 645 1592 seodudo,
670 1512 698 1577 si
720 1513 913 1596 peccaueris,
939 1515 1095 1596 quiescas,
1119 1517 1156 1577 ut
1177 1515 1209 1577 in
1233 1513 1309 1580 Cain

120 1645 144 1683 ro
162 1623 297 1688 doceris.
330 1622 514 1686 erubescere
544 1621 627 1685 onim
655 1619 807 1684 debemus
837 1623 869 1684 et
896 1621 1102 1685 condemnaro
1134 1624 1311 1704 peccatum,

161 1749 224 1795 non
256 1728 434 1805 defendere,
467 1727 615 1811 quoniam
646 1726 766 1810 pudore
800 1727 894 1810 culpa
924 1727 1088 1805 minuitur,
1129 1727 1311 1793 defensione

163 1837 355 1912 cumulatur,
384 1837 416 1898 et
442 1832 564 1898 silendo
593 1833 791 1917 corrigimur,
816 1833 1014 1898 contentione
1037 1834 1241 1917 prolabimur.
1268 1835 1309 1900 sit
1332 1849 1355 1903 Ε

162 1942 272 2008 saltim
300 1940 501 2018 uerecundia,
529 1940 587 2004 ubi
607 1959 670 2004 non
695 1942 745 2004 est
768 1940 938 2032 absolutio,
962 1940 1036 2006 inde
1058 1939 1153 2006 illud:
1182 1941 1310 2007 iustus

162 2049 199 2114 iu
242 2048 392 2114 exordio
435 2046 620 2112 sermonis
662 2051 864 2112 accusator
905 2049 963 2111 est
1005 2048 1073 2112 sui.
1121 2051 1153 2112 et
1193 2049 1310 2113 iterum

122 2177 145 2215 15
164 2155 241 2221 alibi
279 2156 317 2220 ab
356 2155 426 2238 ipso
466 2153 592 2220 domiuo
631 2153 753 2218 dictum
789 2154 942 2238 legimus:
987 2154 1046 2219 dic
1083 2154 1311 2238 iniquitates

164 2266 260 2340 tuas,
292 2265 335 2327 ut
366 2259 612 2326 iustificeris.
646 2264 764 2343 quanta
790 2259 922 2342 pudoris
951 2261 1062 2346 gratia,
1092 2264 1129 2326 ut
1154 2263 1312 2326 iustitiam

163 2373 272 2436 teneat
294 2368 495 2444 uerecundia,
520 2386 615 2449 quam
639 2369 750 2450 culpae
773 2371 880 2431 reatus
904 2368 1085 2432 abstulerit!
1111 2368 1181 2432 ideo
1206 2372 1312 2434 autem

164 2476 223 2540 ait:
248 2475 414 2557 quiesce,
439 2474 588 2557 quoniam
610 2492 673 2538 nou
691 2473 788 2538 habes
809 2473 893 2556 quod
912 2493 1054 2539 excuses.
1079 2476 1191 2558 culpae
1210 2476 1312 2558 ipsius

164 2584 204 2648 ad
230 2587 264 2648 to
292 2582 458 2648 conuersio
487 2585 545 2648 est.
574 2600 636 2645 non
665 2580 749 2644 enim
776 2581 874 2644 frater
901 2581 930 2645 ei
958 2579 1124 2662 addicitur,
1149 2580 1205 2646 sed
1229 2601 1314 2646 orror

121 2710 146 2749 ao
164 2690 365 2767 adscribitur,
386 2689 477 2753 cuius
495 2688 564 2772 ipse
583 2687 644 2753 sibi
663 2691 774 2752 auctor
794 2692 852 2752 est.
869 2687 905 2751 in
925 2691 962 2751 te
981 2685 1085 2770 inquit
1103 2689 1313 2753 reuertitur
1334 2702 1356 2756 F

165 2797 315 2873 crimen,
341 2795 426 2878 quod
449 2816 467 2860 a
490 2798 522 2859 te
555 2795 667 2877 coepit.
701 2813 762 2859 non
797 2793 894 2859 habes
926 2793 958 2857 in
992 2813 1053 2876 quo
1088 2795 1311 2860 necessitatem

164 2903 267 2988 magis
300 2923 395 2985 quam
423 2905 563 2966 mentem
590 2904 680 2964 tuam
708 2919 832 2984 arguas.
862 2901 894 2964 iu
922 2903 954 2965 to
981 2903 1183 2982 retorquetur
1209 2902 1312 2985 inpro-

83 3008 121 3070 25
164 3010 247 3074 bites
280 3012 347 3085 tua,
375 3013 417 3073 tu
444 3009 623 3092 princeps
651 3027 689 3071 es
718 3007 840 3071 illius.
873 3008 951 3071 beno
980 3007 1039 3070 ait:
1067 3010 1107 3071 tu
1135 3006 1311 3090 princeps

164 3136 203 3182 es
225 3116 348 3181 illius.
380 3115 497 3181 etenim
520 3114 656 3198 inpietas
680 3117 782 3178 mater
806 3113 959 3196 quaedam
984 3115 1034 3178 est
1057 3113 1256 3192 delictomm,
1281 3117 1313 3179 ot

121 3245 148 3285 rs
165 3224 219 3307 qni
247 3224 394 3304 grauiora
420 3223 601 3306 peccauerit
627 3223 657 3286 in
687 3224 792 3286 cetera
819 3221 911 3286 facile
939 3221 1124 3304 prolabitur.
1154 3219 1311 3302 quomodo

164 3331 249 3395 euim
286 3332 395 3413 potest
427 3329 465 3393 ab
498 3329 645 3392 humanis
677 3331 853 3410 temperare
886 3327 941 3409 qui
974 3327 1081 3391 diuina
1113 3327 1248 3391 uiolauit
1280 3329 1313 3390 et

254 3540 270 3590 7
290 3538 357 3593 Gen.
376 3541 402 3605 4,
422 3539 437 3591 7
457 3537 537 3591 Philo
557 3536 668 3602 Quaest.
687 3537 701 3591 I
720 3539 754 3591 66
825 3537 858 3590 13
877 3536 1004 3590 Prouerb.
1025 3535 1067 3600 18,
1089 3536 1120 3589 17
1187 3537 1219 3588 15
1238 3534 1310 3587 Esai.

163 3629 209 3696 43,
228 3627 264 3682 26
319 3626 354 3680 20
373 3624 440 3680 Gen.
460 3627 522 3690 4,7
577 3625 613 3678 23
632 3624 700 3678 Gen.
717 3626 744 3688 4,
765 3626 780 3677 7
800 3623 879 3677 Philo
900 3622 1010 3688 Quaeso.
1030 3622 1044 3676 Ι
1063 3623 1097 3676 66

201 3753 215 3806 1
237 3755 266 3805 et
284 3767 336 3805 om.
354 3749 392 3803 M
494 3748 581 3817 igitur
600 3749 660 3802 cain
678 3749 741 3812 Βα,
756 3749 827 3815 sort.
847 3747 948 3800 obtulit
967 3746 1043 3814 Cain,
1063 3747 1137 3814 qood
1152 3746 1312 3814 praeferam

200 3840 303 3911 optulit
321 3838 374 3894 SV
391 3838 493 3893 obtulit
510 3844 558 3892 cet.
621 3839 638 3892 2
659 3841 687 3891 et
705 3836 835 3890 indicium
855 3852 905 3889 om.
925 3836 962 3889 M
1028 3837 1043 3888 7
1064 3834 1187 3888 confudit
1205 3835 1311 3889 BM‘P‘

164 3928 307 3984 confundit
325 3934 373 3982 cet.
441 3927 587 3997 8qnicoee
606 3927 643 3980 M
660 3931 732 3992 (esce
750 3927 783 3978 in
801 3929 870 3991 rue.)
938 3925 1038 3994 9fort.
1062 3923 1160 3986 <ut>si
1229 3924 1262 3976 12
1281 3923 1313 3977 tlt

165 4021 207 4087 (in
225 4036 276 4088 my.
296 4018 343 4084 ait)
363 4016 386 4071 8
441 4018 472 4071 13
492 4016 591 4070 salt-em
609 4015 739 4068 BPM¹V
793 4015 825 4068 15
845 4014 912 4068 alibi
929 4013 980 4068 boo
1000 4015 1057 4067 laneo
1075 4013 1120 4079 M,
1138 4014 1167 4066 a'n
1186 4011 1220 4066 S:
1241 4029 1311 4067 erus.

165 4111 208 4174 (ia
229 4125 280 4178 nep.
304 4112 346 4160 ml
369 4105 444 4172 alibi,
466 4105 515 4159 aed
537 4109 635 4171 erus.);
654 4104 720 4158 alibi
734 4108 800 4172 post
820 4101 920 4158 dictum
941 4108 1128 4170 trumpooaunt
1147 4101 1169 4154 S
1188 4103 1313 4170 (punctis

163 4195 322 4265 subpositis,
345 4195 394 4249 sed
416 4195 503 4248 erosis
526 4194 654 4259 deletum)
679 4199 727 4247 cet.
831 4192 863 4245 17
888 4191 983 4260 culpae
1007 4191 1093 4245 Son?
1112 4189 1189 4259 culpe
1213 4190 1312 4244 MAA‘

165 4285 244 4355 culpa
263 4284 396 4339 Smlcet.
488 4283 640 4336 abstulerat
657 4283 685 4334 B
742 4282 776 4336 23
794 4281 869 4334 illius
889 4297 916 4333 es
935 4280 972 4333 M
1055 4279 1263 4333 bene...illius
1281 4279 1314 4334 io

164 4373 261 4444 orob*
313 4375 348 4427 24
368 4390 395 4426 es
415 4389 486 4427 erno.
505 4372 535 4440 S,
555 4389 607 4426 oon.
625 4371 724 4425 MAA¹
