3142 4967
379 503 421 556 De
440 502 499 555 Noe
521 503 561 555 11.
584 504 625 569 12,
644 502 750 557 37—39
789 502 812 568 (1
831 504 881 556 241
904 502 1014 559 (1-242
1035 503 1075 569 C).
1230 510 1293 571 437

148 698 233 764 enim
255 698 288 761 in
312 698 417 761 anima
439 716 539 773 mens,
563 699 624 762 hoc
647 698 751 762 anima
773 698 804 761 in
825 717 964 781 corpore.
991 698 1017 762 si
1036 718 1125 763 mens
1144 700 1213 764 tnta
1234 704 1292 766 est.

147 810 218 869 tuta
242 809 292 871 est
309 804 434 878 domus,
454 807 526 869 tuta
544 808 594 869 est
613 805 730 869 anima:
755 805 782 869 si
803 806 907 869 anima
924 805 1104 872 incolumis.
1124 806 1293 872 incolumis
1324 818 1344 870 F

146 931 229 977 caro.
246 932 335 976 mens
350 910 431 975 enirn
449 911 554 975 sobria
563 912 727 994 passiones
738 931 846 977 omnes
859 912 996 989 cohibet,
1007 932 1119 977 sensus
1131 913 1293 997 gubernat.

18 1087 19 1106 ξ
147 1038 326 1084 sermonem
344 1017 436 1103 regit.
460 1016 595 1099 ideoque
613 1019 693 1084 bene
714 1018 792 1082 dicit
816 1019 962 1083 dominus
985 1019 1086 1085 iusto:
1110 1019 1217 1083 iutra
1241 1024 1294 1095 tu,

18 1113 19 1140 ³
119 1126 207 1191 ehoe
231 1129 296 1189 est:
320 1125 351 1189 in
376 1128 407 1189 te
431 1125 538 1207 ipsum
561 1125 654 1200 intra,
678 1126 709 1189 in
734 1130 823 1190 tuam
847 1129 997 1201 mentem,
1021 1126 1052 1189 in
1077 1128 1150 1190 tuae
1175 1126 1296 1191 animae

146 1233 332 1317 principale.
364 1232 410 1296 ibi
439 1233 525 1296 salus
554 1236 613 1309 est,
644 1232 689 1297 ibi
723 1232 983 1316 gubernaculum,
1017 1232 1093 1297 soris
1127 1232 1296 1306 diluuium,

146 1340 223 1404 foris
248 1339 435 1422 periculum.
462 1338 490 1403 si
514 1341 621 1403 autem
644 1339 731 1403 intus
755 1339 865 1415 fueris,
891 1344 923 1403 01
944 1339 1021 1403 foris
1047 1342 1137 1403 tutus
1158 1357 1203 1415 es,
1224 1340 1297 1422 qnia

147 1447 202 1511 ubi
226 1466 317 1511 meus
340 1446 391 1510 sui
414 1446 532 1510 arbitra
556 1450 614 1523 est,
638 1446 738 1511 bonae
759 1448 834 1510 sunt
853 1446 1073 1529 cogitationes,
1092 1446 1192 1510 bonae
1213 1466 1297 1510 erse-

148 1553 301 1617 ontionee,
340 1551 368 1616 si
404 1552 488 1615 enim
527 1551 606 1615 nihil
643 1550 716 1615 uitii
757 1556 895 1616 montem
937 1551 1112 1629 obumbret,
1156 1551 1296 1616 sincerae

108 1684 130 1716 n
148 1658 360 1743 cogitationes
385 1663 469 1723 sunt.
493 1658 521 1722 si
546 1658 649 1724 studio
674 1658 717 1721 sit
741 1658 883 1733 castitas,
909 1657 995 1723 cordi
1015 1659 1057 1723 sit
1076 1658 1393 1742 temperantiorem

148 1871 370 1957 aegritudinis3
395 1872 549 1937 sobrietas
573 1872 658 1936 enim
680 1872 796 1937 mentis
821 1872 977 1936 medicina
1002 1874 1050 1937 est
1073 1872 1223 1955 corporis.

19 1978 105 2061 laea
189 1980 285 2044 Nunc
318 1978 556 2044 consideremus
590 1999 651 2061 qua
683 1980 803 2043 ratione
835 1978 943 2043 induci
970 1980 1001 2043 in
1030 1999 1133 2043 arcam
1162 1979 1252 2043 iubet
1279 1998 1294 2043 a
1324 1984 1346 2037 B

148 2086 299 2150 iumentis
323 2085 450 2151 mundis
476 2089 597 2167 septem
622 2085 1237 2168 0100010111,00000101001101010000,
1258 2086 1296 2149 ab

105 2213 129 2251 1⁵
147 2193 309 2257 inmundis
338 2196 445 2257 autem
474 2193 536 2257 duo
565 2196 598 2256 et
625 2193 698 2259 duo.
728 2194 766 2257 ut
793 2192 952 2257 nutriatur
980 2212 1087 2257 semen
1116 2192 1146 2256 in
1172 2212 1297 2257 omnem

147 2302 274 2365 ternam.
308 2303 351 2379 01,
383 2307 420 2364 ut
452 2318 512 2385 ego
545 2299 689 2377 arbitror,
718 2300 796 2364 inire
824 2299 976 2364 mundam
1005 2299 1124 2363 adserit
1152 2299 1297 2363 ebdoma-

148 2405 230 2482 dam,
261 2406 336 2489 quia
362 2406 499 2471 mundus
529 2409 561 2471 01
588 2425 678 2470 sacer
705 2406 862 2488 septimus
897 2424 1064 2481 numerum
1102 2405 1182 2470 nulli
1215 2406 1296 2468 enim

147 2513 301 2577 miscetur
328 2532 386 2576 neo
413 2512 453 2577 ab
482 2512 543 2577 alio
573 2515 750 2597 generatur.
780 2512 917 2593 ideoque
946 2512 1037 2595 uirgo
1067 2510 1193 2584 dicitur,
1223 2510 1298 2592 quia
1325 2524 1346 2577 c

147 2618 227 2683 nihil
250 2638 288 2683 ex
310 2638 344 2684 se
369 2622 507 2703 generat,
531 2620 708 2701 meritoque
731 2622 895 2701 tamquam
917 2618 1048 2682 materni
1069 2636 1175 2681 exsors
1195 2616 1296 2680 inmu-

105 2725 260 2808 orisque
293 2730 402 2809 partus
436 2730 468 2791 et
500 2726 664 2791 muliebris
698 2727 841 2809 copulae,
878 2726 939 2791 etsi
972 2726 1122 2791 ebdomas
1160 2723 1295 2788 femineo

146 2836 351 2915 nuncupetur
382 2834 550 2911 uocabulo,
582 2834 686 2899 uirilis
719 2834 816 2898 habet
848 2832 1106 2898 sanctificationis
1146 2830 1294 2915 gratiam:

148 2940 276 3005 omnis
311 2941 394 3005 enim
426 2942 634 3005 masculus
668 2940 905 3024 adaperiens
938 2941 1101 3005 uuluam
1141 2934 1297 3024 [sanctus]

148 3047 310 3112 domino
343 3047 520 3127 uocabitur,
544 3048 604 3113 hoc
629 3049 678 3112 eet
710 3051 851 3113 sanctus.
881 3051 913 3111 et
940 3048 970 3110 in
1000 3046 1155 3129 propheta
1183 3044 1294 3107 habes:

148 3155 305 3238 effugit
332 3155 574 3237 peperitque
603 3154 838 3229 masculum,
867 3154 900 3217 id
929 3159 978 3218 est
1002 3156 1157 3218 sanetum.
1186 3171 1296 3215 secun-

107 3284 131 3319 2‘2
147 3261 208 3325 dns
233 3266 341 3326 eutem
364 3281 515 3327 numerus
538 3281 599 3326 non
619 3264 811 3344 0010101100,
832 3262 906 3344 quin
926 3261 1060 3326 diuisus,
1086 3258 1169 3343 quod
1190 3262 1296 3323 autern

240 3504 272 3557 13
293 3502 359 3557 Gen.
380 3504 404 3564 7,
424 3504 441 3557 2
459 3502 538 3556 Philo
559 3502 670 3567 Quaeso
691 3502 718 3555 11
739 3504 772 3556 12
848 3504 878 3555 11
898 3502 977 3555 Pbilo
997 3502 1081 3571 chg.
1102 3503 1250 3571 elleg.15
1272 3501 1296 3565 (I

144 3596 190 3658 16,
212 3593 259 3655 13;
278 3592 292 3645 Ι
311 3594 354 3654 64,
377 3593 408 3646 19
430 3591 471 3657 Ο.)
493 3592 525 3645 dc
545 3592 604 3645 uita
621 3591 707 3660 bioys.
728 3590 769 3644 111
790 3592 823 3644 27
839 3590 878 3657 111
894 3592 953 3653 166,
969 3592 1014 3655 39)
1053 3590 1184 3644 22111001.
1203 3592 1243 3647 13.
1262 3592 1294 3644 12

144 3683 182 3735 24
203 3681 274 3735 16001.
294 3683 337 3745 66,
358 3682 373 3734 7

183 3825 196 3878 l
219 3822 310 3875 anima
330 3829 344 3876 0
366 3820 399 3874 Τ’
471 3822 552 3875 hoc.»
571 3822 598 3875 P
617 3823 654 3888 (in
674 3826 756 3887 erac.)
775 3822 827 3874 hoc
848 3828 889 3875 est
908 3822 934 3875 B
988 3822 1004 3873 2
1024 3821 1165 3875 incolomis
1185 3822 1248 3889 ,1110)
1272 3822 1297 3874 Τ

144 3918 160 3969 6
181 3911 332 3983 principale
350 3910 378 3963 P
397 3911 434 3972 (01
452 3912 484 3964 ia
501 3917 570 3978 roo.)
631 3912 648 3965 8
667 3912 848 3979 cogitationes
866 3911 894 3963 P
911 3911 951 3981 (gi
971 3928 1003 3964 00
1020 3911 1057 3964 mi
1078 3914 1133 3977 nr3)
1208 3911 1295 3965 bonae

145 4006 211 4057 sunt
229 4001 263 4054 N
341 4001 527 4055 exsecutiones
547 4002 589 4066 (in
606 4009 674 4067 ros.)
694 4002 721 4054 B
815 4002 847 4055 lo
866 4006 931 4054 eurrt
950 4000 1131 4071 cogitationes
1150 4001 1176 4054 B
1259 4001 1296 4055 eit

145 4128 221 4197 (011.)
237 4125 264 4178 Β
283 4126 324 4180 ed.
343 4124 423 4179 Rom.
444 4126 467 4177 si
486 4132 532 4215 001.
553 4106 638 4197 (cofdi
658 4106 683 4179 ei
705 4126 747 4194 T‘)
784 4127 815 4179 11
832 4123 979 4179 inardescit
992 4124 1143 4179 flammaN
1183 4126 1215 4179 16
1228 4126 1294 4180 heb-

146 4242 292 4295 domadam
313 4242 337 4293 B
413 4242 444 4294 17
464 4206 590 4305 ndmcrus
608 4241 636 4293 P
689 4242 723 4295 20
743 4240 907 4296 ebdomadas
926 4240 951 4294 T
970 4239 1145 4308 (00100121
1163 4240 1209 4311 (da
1224 4248 1293 4311 exp.)

145 4330 279 4402 epdomas
297 4328 331 4383 N
400 4330 434 4383 22
454 4333 564 4382 sanctus
583 4346 633 4383 om.
653 4329 688 4392 Β,
707 4330 811 4383 inclusi
882 4330 916 4384 23
935 4330 985 4383 hoc
1006 4332 1048 4383 est
1067 4332 1175 4384 sanctus
1195 4346 1245 4383 om.
1266 4330 1299 4383 N

146 4421 182 4473 24
201 4418 300 4472 effudit
322 4418 353 4471 T¹
372 4417 399 4488 (d
420 4435 453 4471 ex
471 4423 500 4486 g)
523 4418 552 4470 Ν
625 4419 795 4488 peperitque]
815 4420 921 4488 peperit
940 4424 967 4472 et
985 4418 1019 4473 N
