3142 4967
424 491 466 544 De
484 488 545 545 Noe
563 490 606 544 31.
627 490 669 553 32,
689 490 831 545 117-120
868 490 892 557 (1
911 491 964 545 274
983 490 1093 545 s-ate
1111 492 1154 559 F).
1290 492 1355 557 493

213 688 296 751 eninr
324 688 455 752 uidebat
483 688 596 769 quiin
625 707 661 752 eo
689 688 823 771 putabat
850 686 1013 752 ebrietatis
1042 706 1189 767 errorem,
1212 687 1268 751 ubi
1291 688 1358 751 erat
1414 676 1418 685 ’

212 796 372 875 perfectus
418 795 592 879 sapientiae
633 799 872 876 ceterarumque
913 795 1071 859 uirtutum
1113 798 1232 877 uapor?
1273 796 1359 860 siout

212 902 367 985 scripturn
390 905 453 967 est:
478 921 605 985 uapor
628 905 691 966 est
713 901 817 966 enim
836 902 1011 967 uirtutis
1032 901 1106 966 dei.
1130 901 1254 985 quando
1274 901 1357 966 enim
1382 905 1403 963 0

213 1028 302 1074 meus
325 1009 428 1092 magis
452 1009 558 1073 sobria
580 1011 630 1073 est
652 1029 746 1092 quam
775 1011 862 1087 tuno,
892 1008 1015 1090 quando
1044 1011 1188 1073 naturam
1216 1009 1357 1075 omnium

182 1136 317 1181 ererum
340 1119 584 1199 temporumque
607 1115 824 1199 praesentium
848 1118 880 1180 et
902 1116 1082 1181 futurorum
1101 1116 1147 1180 ita
1165 1118 1290 1198 spectat
1307 1134 1359 1180 ne-

212 1224 309 1308 gotia,
333 1226 371 1287 nt
393 1224 482 1287 nulla
503 1224 536 1287 in
555 1242 592 1288 eo
611 1223 796 1306 temporalis
816 1222 987 1287 titubantia
1006 1222 1169 1287 ebrietatis
1189 1224 1358 1305 appareat?

103 1322 167 1387 119
213 1348 329 1412 quaero
354 1330 449 1395 etiam
474 1350 536 1413 qua
553 1332 685 1408 ratione,
704 1350 778 1395 enm
797 1334 869 1395 ante
884 1329 1026 1395 medinm
1046 1329 1159 1395 dixerit
1175 1329 1259 1393 inter
1275 1329 1359 1393 filios

214 1436 322 1513 (tham,
359 1454 442 1500 nune
478 1436 635 1501 iuniorem
672 1436 857 1501 constituat.
895 1436 942 1500 sio
980 1436 1063 1500 enim
1102 1435 1256 1517 seriptum
1295 1438 1359 1499 est:

213 1542 411 1627 cognouit
442 1542 525 1608 Noe
558 1542 691 1607 omnia
723 1560 822 1625 quae
854 1542 957 1607 fecit
991 1542 1026 1606 ei
1059 1542 1181 1607 filius
1214 1543 1358 1608 iunior.

168 1673 196 1713 ro
213 1650 368 1733 numquid
395 1654 468 1714 ante
497 1650 654 1733 scriptura
679 1649 711 1713 in
740 1649 849 1715 ordine
882 1650 1094 1734 generationis
1128 1650 1266 1715 enauit?
1298 1669 1379 1715 non·

213 1756 334 1838 utique.
359 1757 436 1839 quid
459 1761 554 1841 ergo?
578 1756 735 1823 contraria
756 1776 840 1821 nune
864 1756 984 1838 soripta
1007 1760 1105 1822 sunt?
1131 1776 1193 1822 non
1217 1756 1360 1821 arbitror.
1380 1763 1404 1815 D

213 1864 372 1945 quomodo
395 1864 496 1948 igitur
519 1864 666 1942 soluitur,
689 1864 752 1928 uisi
774 1864 930 1928 iuniorem
958 1884 1018 1929 non
1050 1865 1164 1945 aetate,
1193 1883 1254 1928 non
1283 1866 1362 1929 tem-

212 1988 287 2052 pore
320 1970 467 2053 accipias,
501 1971 558 2037 sed
588 1971 700 2035 rudem
733 1990 847 2035 sensns
881 1974 913 2034 et
945 1970 977 2035 in
1011 1970 1145 2053 quadam
1178 1970 1361 2035 intellectus

212 2076 347 2140 infantia
373 2076 596 2154 constitutum,
624 2076 679 2159 qni
707 2075 884 2141 doctrinam
910 2076 1120 2159 prouectioris
1154 2076 1267 2141 aetatis
1300 2094 1361 2141 non

169 2206 195 2246 re
212 2183 356 2248 hauserit
383 2202 440 2249 nee
466 2184 644 2267 perceperit
667 2183 765 2248 senile
794 2184 986 2249 eonsilium?
1015 2184 1082 2249 rani
1119 2184 1202 2249 enirn
1233 2182 1360 2266 quidam

214 2293 290 2353 sunt
316 2310 431 2355 sensns
458 2292 635 2357 hominnm.
670 2296 702 2356 et
727 2292 798 2357 ideo
827 2290 947 2374 inquit:
976 2312 1091 2375 quorn
1122 2291 1283 2355 ueneris
1316 2290 1362 2353 ad

214 2398 418 2462 seniorum
450 2399 683 2475 concilium,
714 2400 858 2464 claude
888 2417 929 2463 os
959 2402 1081 2474 tuum,
1106 2401 1143 2461 ut
1166 2398 1263 2461 habet
1285 2397 1361 2461 alibi

213 2505 384 2569 sententia:
432 2504 670 2569 discendum
716 2505 818 2569 enirn
865 2506 943 2569 tibi
985 2505 1099 2587 prius
1142 2508 1206 2569 eet
1247 2523 1362 2586 quarn

212 2610 468 2692 loquendum.
492 2629 585 2675 aures
610 2631 685 2694 ergo
708 2615 834 2693 paratas
858 2612 949 2686 habe,
976 2615 1010 2674 ut
1035 2610 1157 2693 aliquid
1180 2609 1218 2674 de
1237 2609 1405 2691 sapien-E

167 2742 194 2782 ro
211 2716 293 2781 tium
313 2716 454 2781 consiliis
474 2717 687 2799 consequaris.
710 2718 821 2801 lingna
839 2718 1036 2800 reprimenda
1054 2721 1113 2795 est,
1134 2717 1254 2782 auditio
1274 2734 1360 2797 prae-

211 2824 359 2905 paranda.

39 2918 166 3006 3⁸3‚l20
256 2930 452 2995 Benedicens
493 2931 595 2995 filiurn
637 2951 731 2996 snum
773 2931 847 2996 Sem
894 2932 939 2997 ait
982 2932 1065 2997 Noe:
1112 2931 1403 2996 benedicturo

212 3037 398 3103 dominns
429 3038 528 3103 deus
559 3038 656 3104 Sem.
687 3043 727 3103 et
758 3038 838 3103 erit
869 3039 1056 3104 Chanaan
1089 3058 1233 3104 seruus
1259 3038 1357 3102 eius.

211 3148 243 3209 et
273 3146 435 3210 dominnm
464 3151 497 3211 et
524 3146 619 3210 deum
646 3146 725 3212 dixit
752 3151 784 3210 et
813 3147 993 3229 specialiter
1021 3148 1114 3212 deum
1138 3146 1197 3211 filii
1221 3147 1281 3225 sui,
1306 3145 1358 3210 eni

166 3276 193 3317 re
211 3271 324 3316 nornen
353 3258 402 3317 est
430 3252 513 3330 Sem,
543 3272 579 3317 eo
608 3252 693 3334 quod
717 3254 795 3318 deus
819 3254 990 3331 iustorum,
1014 3254 1073 3319 hoe
1098 3256 1148 3319 est
1172 3254 1249 3319 deus
1273 3271 1357 3317 rnen-

209 3357 301 3435 tium‚
319 3378 379 3424 non
395 3359 539 3436 uallium,
555 3360 610 3442 qui
625 3361 757 3444 gratiam
771 3361 909 3425 habeant
925 3362 1056 3425 uirtutis
1075 3362 1226 3426 excelsae.
1246 3359 1356 3424 deinde

298 3564 397 3634 3Sap.
418 3568 441 3627 7,
461 3567 496 3619 25
560 3566 908 3633 7Philanaost.1174
971 3567 1074 3621 9Gen.
1095 3570 1119 3631 9,
1139 3570 1174 3621 24
1239 3570 1271 3622 16
1291 3570 1354 3633 (Sir.

209 3654 317 3721 3213)
370 3654 403 3707 18
423 3654 473 3709 Sir.
496 3657 537 3718 18,
558 3657 591 3709 19
641 3657 675 3709 22
696 3657 761 3709 tien.
781 3656 806 3717 9,
828 3657 862 3710 26
881 3656 1087 3722 PhiloQuaest.
1108 3656 1136 3711 11
1155 3658 1188 3712 75
1240 3659 1273 3712 25
1288 3659 1354 3726 Reg.

208 3742 301 3797 11121
323 3744 389 3814 (20),
411 3744 446 3796 28

245 3867 258 3919 1
279 3866 428 3921 dubietatis
446 3867 568 3921 DNUM
655 3869 671 3923 3
696 3872 738 3922 est
760 3870 784 3939 (t
806 3888 827 3923 a.
852 3870 892 3940 a.)
912 3870 934 3923 ὣ
954 3874 1036 3938 (exp.)
1057 3871 1127 3925 enirn
1146 3870 1174 3923 P
1191 3886 1219 3923 es
1238 3870 1308 3923 eninr
1328 3868 1355 3923 B

243 3956 353 4009 uirtutis
371 3957 399 4010 P
417 3957 459 4025 (ia
477 3958 545 4024 raa.)
608 3959 624 4011 6
643 3958 774 4012 titubatio
789 3959 848 4013 DN
905 3961 935 4013 ll
957 3960 1126 4013 contrariane
1145 3964 1206 4023 (om.
1226 3964 1307 4025 nnnc)
1328 3960 1355 4011 B

208 4043 241 4097 13
269 4060 363 4098 sensus
382 4044 410 4097 P
432 4052 456 4110 (s
478 4046 529 4098 alt.
549 4051 631 4112 eras.)
653 4064 762 4101 sensnm
784 4046 905 4101 Usensu
925 4053 972 4101 cet.
1066 4048 1098 4102 15
1126 4048 1249 4101 hauserit
1266 4048 1294 4101 P
1311 4047 1355 4117 (aa

207 4134 321 4199 auxerit)
346 4134 378 4186 T‘
399 4134 428 4197 (h
446 4151 468 4189 a.
487 4140 528 4201 ει.)
622 4136 826 4205 cani...qnarn
845 4136 1012 4205 loquendum
1032 4154 1082 4191 ona
1102 4137 1128 4189 B
1221 4138 1253 4191 16
1274 4154 1354 4206 quom

205 4222 374 4291 scripsique
394 4224 744 4293 Ptous.m2)cu1ncet.
854 4228 888 4280 22
915 4244 993 4280 enum
1013 4242 1063 4283 om.
1084 4226 1146 4281 DN
1251 4227 1286 4279 24
1311 4226 1354 4280 oui

204 4310 274 4375 DN,
293 4298 345 4366 oni.
365 4318 411 4367 cet.
485 4314 520 4367 25
538 4313 646 4368 nomine
664 4315 692 4368 P
710 4319 768 4381 (m2
786 4332 819 4369 ea
837 4332 934 4371 nomen
955 4318 1007 4384 eet)
1031 4316 1090 4371 T‘B
1173 4315 1244 4385 qnod
1264 4316 1300 4369 eit
1322 4316 1354 4369 T'

240 4400 373 4453 iustorum
393 4405 435 4456 est
452 4402 514 4456 DN
568 4404 602 4457 26
622 4404 739 4469 uirtutes
758 4405 785 4458 P
805 4406 824 4472 (i
843 4421 865 4459 a.
885 4406 910 4471 e)
