3142 4967
273 456 340 518 450
751 450 949 505 Ambrosii

275 646 424 711 odoratur
448 649 480 710 et
502 648 653 730 gustatus
677 645 836 729 gustabile
861 648 971 729 gustat
995 648 1026 709 et
1044 648 1150 709 tactus
1171 644 1254 727 qnod
1273 646 1424 730 tangendi
1490 646 1510 699 D

275 754 471 819 substantiae
509 752 654 818 subiacet
685 752 798 836 tangit.
831 752 903 817 iden
940 752 1077 834 quinque
1110 771 1223 817 sensus
1255 752 1427 836 tripliciter

274 862 433 927 aestimati
454 864 531 925 sunt
548 859 602 924 nel
617 859 794 924 secundum
809 860 904 924 illud:
927 859 1062 924 scribe
1085 860 1164 924 tibi
1178 859 1423 943 tripliciter.

273 988 332 1053 ego
356 970 463 1033 tamen
487 967 569 1033 illud
593 966 793 1032 commodius
817 972 906 1049 puto,
934 968 972 1031 nt
999 986 1112 1033 sensus
1143 967 1258 1032 terreni
1286 966 1424 1032 hominis

274 1079 368 1159 atque
393 1074 538 1139 animalis
564 1077 596 1140 et
619 1072 772 1157 spiritalis
797 1075 961 1159 accipiam,
986 1093 1065 1156 qnos
1088 1075 1146 1138 illa
1167 1074 1283 1139 diluuii
1306 1074 1425 1138 fluenta
1452 1093 1464 1131 ⁵

274 1182 534 1247 transcenderint.

228 1291 272 1354 53
318 1287 432 1353 Merito
461 1290 622 1353 mortua
650 1292 713 1352 est
743 1287 871 1352 omnis
905 1306 1006 1365 coro,
1040 1305 1139 1369 qnae
1172 1288 1423 1356 mouebatur.

275 1395 358 1479 qnod
382 1398 415 1459 et
442 1394 616 1459 secundnm
645 1395 784 1459 litteram
814 1394 916 1476 liquet
949 1396 981 1458 et
1012 1394 1137 1477 proprie
1169 1413 1205 1458 ac
1237 1396 1425 1461 naturaliter

273 1504 376 1568 caruis
400 1504 611 1584 corruptelam
634 1498 752 1566 indicio
780 1503 976 1584 procellosae
1007 1501 1229 1566 commotionis
1258 1504 1422 1585 expressit.
1485 1514 1502 1567 n

272 1610 444 1677 commotio
468 1610 551 1674 enim
575 1608 694 1674 uitiosa
717 1628 777 1673 non
799 1612 849 1674 est
866 1604 929 1673 nisi
948 1628 1002 1691 per
1022 1608 1154 1673 allectus
1174 1610 1421 1691 conruptionem;
1441 1632 1462 1669 ιο

272 1721 383 1782 monet
405 1716 489 1781 enim
514 1716 698 1797 uoluptates
717 1734 789 1780 caro
810 1718 843 1780 et
860 1716 931 1798 ipsa
949 1714 1172 1798 uoluptatibus
1192 1718 1422 1791 commemini,

272 1824 347 1888 talis
371 1826 478 1887 autem
502 1822 673 1887 commotio
702 1823 912 1903 corruptelam
943 1824 1037 1886 creat.
1071 1840 1166 1886 causa
1193 1840 1268 1905 ergo
1297 1841 1422 1906 corrup·

272 1933 355 1996 telae
379 1929 551 1996 commotio
574 1930 670 1995 istius
693 1929 804 1995 mnndi
829 1931 888 2007 est,
909 1950 964 2011 por
984 1948 1077 2011 quam
1097 1928 1201 1993 anima
1219 1928 1423 1995 uniuscuius-
1547 2004 1548 2019 χ

273 2058 334 2120 que
357 2039 536 2121 degenerat,
569 2056 641 2102 cum
665 2036 747 2100 enim
772 2036 909 2101 uitiosae
932 2036 1096 2118 passiones
1120 2040 1257 2100 mentem
1282 2042 1422 2101 mouent.
1547 2024 1548 2103 l

273 2146 450 2227 corruptela
465 2148 646 2228 generatum
662 2163 736 2208 cnm
750 2143 928 2207 excitantur
938 2142 1222 2217 studianirtntum,
1234 2142 1421 2224 disciplinae
1439 2163 1461 2203 n

271 2252 434 2334 profectus
459 2253 518 2315 est.
552 2250 653 2315 omnis
676 2249 777 2333 igitur
802 2248 856 2331 qni
880 2248 1027 2313 eratin
1052 2248 1164 2313 arida
1186 2252 1333 2313 mortuus
1359 2256 1421 2321 est:
1480 2264 1497 2317 F

272 2376 329 2422 nec
353 2358 436 2422 enim
460 2360 608 2440 poterant
630 2376 690 2421 non
720 2358 801 2421 mori
830 2375 909 2437 anos
938 2355 1019 2419 tanti
1047 2355 1161 2419 diluuii
1189 2356 1274 2419 unda
1302 2356 1421 2421 demer-

271 2469 364 2531 serat.
390 2465 450 2530 hoc
474 2464 649 2529 secundnm
676 2465 832 2545 scriptum
860 2462 1037 2543 seriemque
1066 2462 1246 2531 uerborum,
1280 2467 1419 2529 ceterum

271 2572 298 2637 si
327 2572 510 2655 allegoriam
539 2590 683 2652 quaeras,
716 2589 778 2635 non
812 2573 861 2635 est
894 2570 1026 2634 dubium
1060 2570 1136 2652 qnia
1167 2570 1309 2651 exemplo
1343 2570 1419 2655 ligni

271 2678 424 2759 aridioris,
454 2678 539 2760 quod
571 2677 668 2742 simul
701 2680 738 2741 ut
768 2677 908 2741 lambere
942 2676 1082 2759 coeperit
1112 2676 1196 2760 ignis
1230 2675 1343 2751 exurit,
1376 2676 1457 2740 itan

270 2786 385 2863 anima,
409 2784 470 2850 nisi
494 2784 691 2848 diuersarum
715 2786 861 2847 umescat
882 2802 950 2847 rore
970 2784 1126 2847 nirtntnm
1147 2783 1262 2865 poculo
1283 2782 1416 2863 quodam

269 2891 405 2975 inrigata
429 2890 601 2972 sapientiae
629 2893 661 2955 et
689 2891 775 2954 fonte
803 2888 946 2953 institiae
974 2894 1069 2971 atque
1096 2890 1220 2973 inriguo
1249 2890 1416 2958 castitatis,

269 3002 433 3079 tamqnam
457 2998 594 3062 arelacta
614 2997 720 3062 radice
743 2996 837 3061 uitali
860 2996 1071 3078 cupiditatum
1096 2996 1247 3080 deflagrat
1274 2995 1415 3061 incendio

270 3104 322 3168 nel
352 3103 510 3185 profluuio
542 3104 644 3168 carnis
676 3104 771 3168 inlisa
802 3104 992 3185 procumbit.
1026 3102 1108 3168 nnde
1141 3122 1266 3184 semper
1299 3100 1413 3185 epulari

270 3209 366 3273 debet
401 3211 527 3275 animus
558 3208 712 3276 bonorum
746 3228 878 3293 opernm
911 3210 1130 3293 cogitationes,
1164 3214 1201 3274 ut
1232 3202 1522 3291 prudentiaeetill

270 3335 346 3381 suco
370 3335 460 3380 mens
483 3316 639 3381 inebriata
661 3317 860 3400 pinguescat,
886 3336 946 3398 qno
970 3335 1031 3381 non
1055 3316 1148 3381 facile
1173 3316 1287 3379 dilnnii
1311 3334 1412 3397 corpo-

269 3422 345 3487 ralis
370 3422 463 3487 cedat
484 3422 618 3487 iniuriae
642 3428 737 3505 atque
762 3423 849 3487 arido
872 3423 1012 3487 incuriae
1032 3424 1096 3487 situ
1116 3423 1237 3487 euireta
1256 3422 1411 3487 moriatur.

359 3684 375 3738 3
395 3682 524 3739 Prouerb.
544 3685 586 3749 22,
605 3685 640 3738 20
705 3685 720 3738 7
742 3683 808 3739 Gen.
830 3684 853 3747 7,
875 3684 907 3738 21
928 3683 1008 3737 Philo
1029 3683 1139 3749 Quaest.
1160 3682 1241 3737 1Ι22
1299 3680 1411 3737 16ch

270 3773 293 3835 7,
315 3772 349 3825 22
368 3772 448 3826 Philo
469 3770 579 3837 Quaest.
599 3772 680 3825 1123

306 3916 469 3983 lgustetns
487 3914 515 3967 P
531 3919 628 3983 gustus
647 3922 695 3970 cet.
764 3914 851 3969 stibi
871 3930 921 3969 one.
941 3915 969 3968 B
1043 3915 1076 3967 12
1095 3912 1248 3983 corruptela
1267 3910 1411 3967 creaturB

271 4005 304 4059 14
323 4004 470 4074 degenerat
493 4004 551 4057 ΤΡ
571 3992 721 4074 degenerat
737 4006 765 4058 P
783 4004 964 4074 degeneratur
980 4002 1131 4058 DNBCM
1212 4004 1249 4057 15
1269 4002 1411 4055 excitantur

267 4094 367 4163 sampsi
385 4094 505 4148 excitent
524 4094 589 4147 liora
667 4094 700 4149 17
720 4094 885 4147 demerserat
905 4092 964 4146 Tm
984 4091 1183 4160 caldaeam)
1207 4090 1239 4144 P
1259 4090 1409 4144 dimerserat

269 4187 315 4236 cet.
369 4184 402 4237 19
420 4186 463 4236 est
481 4182 591 4236 dubium
606 4182 697 4235 PT‘B
715 4182 827 4235 dubium
848 4185 889 4235 est
908 4188 955 4235 cel.
1029 4180 1063 4233 ad
1082 4178 1279 4249 exemplumN
1296 4176 1409 4245 exemplu

271 4271 329 4325 CM
372 4274 404 4325 21
425 4272 610 4326 tarnescatD
628 4272 659 4326 th
676 4289 697 4329 a.
716 4277 756 4338 u.)
777 4270 926 4325 PBNCM
971 4272 1004 4324 22
1025 4270 1115 4323 situllll
1133 4269 1162 4322 P
1179 4268 1226 4321 siti
1245 4266 1308 4322 DN
1357 4264 1409 4319 eni·

268 4363 330 4412 rata
348 4360 375 4411 P
392 4364 418 4425 <e
436 4360 468 4413 in
486 4367 554 4426 ree.)
574 4362 662 4415 nirata
680 4360 708 4413 B
727 4361 865 4413 euicereta
883 4358 919 4411 M
