3142 4967
226 472 247 534 4
697 462 897 517 Ambrosii

226 665 302 729 deos
331 681 402 727 esse
430 660 601 739 crederent,
631 658 779 741 quamuis
809 657 848 728 de
876 658 945 740 ipso
973 658 1091 723 mundo
1119 679 1181 724 non
1204 661 1372 726 mediocris

182 770 308 837 3inter
340 788 394 835 eos
427 766 570 850 quaestio
605 766 657 830 sit.
697 786 769 830 nam
792 765 991 849 Pythagoras
1019 785 1119 830 unum
1142 766 1296 832 mundum
1320 769 1372 833 ad-

227 880 313 956 serit,
338 876 393 941 alii
415 873 661 939 innumerabiles
685 872 796 937 dicunt
818 891 888 937 esse
907 871 1053 951 mundos,
1072 876 1110 937 ut
1128 874 1241 938 scribit
1258 875 1373 941 Demo-

226 986 336 1064 critus,
357 983 409 1048 cui
432 982 605 1065 plurimum
629 978 667 1044 de
690 978 833 1064 physicis
852 979 1052 1045 auctoritatis
1076 984 1220 1045 uetustas
1245 982 1372 1061 detulit,

225 1093 396 1175 ipsumque
420 1088 573 1153 mundum
602 1106 727 1169 semper
753 1086 854 1150 fuisse
883 1090 915 1149 et
937 1086 1004 1150 fore
1027 1086 1215 1152 Aristoteles
1239 1096 1373 1174 usurpat
1405 1110 1418 1149 s

227 1199 344 1263 dicere:
369 1198 479 1261 contra
502 1196 609 1259 autem
632 1193 724 1258 Plato
747 1210 809 1257 non
832 1211 957 1275 semper
978 1192 1079 1257 fuisse
1104 1197 1136 1258 et
1159 1214 1284 1278 semper
1306 1196 1372 1261 fore

225 1304 403 1390 praesumit
436 1301 608 1381 adstruere,
640 1299 771 1384 plurimi
807 1317 883 1364 uero
919 1318 980 1364 non
1017 1299 1118 1365 fuisse
1155 1320 1280 1385 semper
1314 1324 1371 1369 nec
1418 1312 1479 1366 3A

183 1412 204 1475 4
229 1431 354 1495 semper
374 1411 442 1475 fore
466 1408 593 1493 scriptis
617 1407 684 1472 suis
707 1405 927 1471 testificantur.
960 1407 1041 1471 inter
1072 1408 1130 1473 has
1158 1408 1371 1476 dissensiones

227 1538 336 1585 eorum
369 1536 448 1599 quae
480 1518 588 1600 potest
619 1514 687 1579 ueri
721 1532 792 1578 esse
824 1514 1015 1592 aestimatio,
1040 1534 1113 1579 oum
1142 1515 1197 1579 alii
1219 1517 1373 1582 mundum

226 1628 334 1710 ipsum
366 1624 461 1689 deum
494 1642 564 1687 esse
596 1620 713 1699 dicant,
746 1619 831 1703 quod
863 1620 891 1684 ei
924 1640 1014 1685 mens
1053 1620 1162 1686 diuina
1192 1627 1230 1687 ut
1261 1627 1373 1706 putant
1392 1645 1418 1683 ro

226 1734 332 1797 inesse
363 1730 519 1811 uideatur,
544 1729 599 1793 alii
629 1730 734 1811 partes
767 1728 847 1805 eius,
872 1726 927 1791 alii
949 1731 1140 1811 utrumque?
1173 1730 1204 1794 in
1228 1749 1291 1813 quo
1315 1750 1373 1796 nec

228 1858 308 1921 quae
339 1836 442 1921 figura
473 1834 516 1900 sit
548 1834 678 1899 deorum
711 1852 768 1898 nec
792 1834 847 1916 qui
869 1853 1021 1900 numerus
1044 1854 1101 1900 uec
1125 1835 1180 1917 qui
1202 1836 1293 1902 locus
1318 1841 1373 1902 aut

227 1944 296 2009 uita
317 1944 422 2026 possit
439 1945 495 2007 aut
514 1960 588 2006 cura
607 1940 828 2025 conprehendi,
847 1940 1007 2023 siquidem
1024 1942 1134 2007 mundi
1153 1944 1373 2009 aestimatione

228 2051 403 2115 uolubilem
426 2050 600 2114 rutundum
633 2048 795 2113 ardentem
818 2047 1010 2130 quibusdam
1036 2048 1205 2114 incitatum
1231 2050 1373 2116 motibus
1436 2052 1460 2107 B

229 2158 296 2222 sine
320 2176 416 2222 sensu
441 2155 535 2220 deum
559 2156 727 2221 conueniat
744 2156 900 2240 intellegi,
919 2155 975 2239 qui
994 2156 1106 2235 alieno,
1125 2176 1187 2222 non
1206 2176 1264 2223 sno
1284 2162 1374 2224 motu
1393 2176 1419 2217 1⁵

228 2265 356 2329 feratur.

140 2378 173 2459 2,
187 2378 206 2441 5
274 2371 364 2437 Unde
380 2370 488 2436 diuino
508 2369 623 2453 spiritu
641 2368 830 2453 praeuidens
849 2374 978 2433 sanctus
993 2368 1121 2454 Moyses
1135 2370 1194 2436 hos
1208 2371 1373 2437 hominum
1438 2373 1460 2427 G

230 2497 349 2543 errores
373 2478 440 2542 fore
464 2480 497 2542 et
519 2476 583 2541 iem
606 2476 686 2542 forte
711 2476 854 2558 coepisse
876 2476 909 2539 in
934 2476 1058 2542 exordio
1083 2480 1237 2544 sermonis
1257 2480 1309 2545 sui
1327 2481 1373 2545 sic

230 2586 288 2649 ait:
313 2584 349 2647 in
379 2582 568 2666 principio
596 2582 692 2647 fecit
721 2582 813 2646 deus
842 2582 989 2647 caelum
1013 2587 1051 2648 et
1072 2585 1221 2663 terram,
1246 2586 1373 2651 initium

228 2710 343 2769 rerum,
368 2694 529 2755 auctorem
561 2688 683 2767 mundi,
707 2690 896 2754 creationem
928 2690 1079 2754 materiae
1107 2693 1373 2776 conprehendens,
1392 2710 1419 2749 ²⁰

229 2801 266 2863 ut
287 2798 382 2863 deum
407 2814 614 2881 cognosceres
639 2798 711 2860 ante
734 2794 863 2859 initium
885 2796 998 2861 mundi
1016 2814 1088 2861 esse
1105 2799 1158 2862 uel
1176 2790 1284 2882 ipsum
1303 2818 1374 2865 esse

229 2904 357 2968 initium
380 2902 612 2980 uniuersorum,
637 2901 722 2966 siout
744 2901 775 2965 in
800 2903 966 2987 euangelio
990 2903 1041 2969 dei
1064 2904 1149 2969 filius
1178 2905 1373 2971 dicentibus:

229 3014 270 3075 tu
295 3010 378 3093 quis
411 3014 470 3073 es?
494 3008 669 3091 respondit:
699 3008 853 3073 initium
885 3009 983 3091 quod
1016 3014 1054 3075 et
1084 3010 1219 3093 loquor
1250 3012 1372 3085 uobis,

231 3120 263 3181 et
285 3116 391 3200 ipsum
416 3114 541 3181 dedisse
564 3113 712 3199 gignendi
736 3116 832 3180 rebus
855 3116 983 3181 initium
1007 3120 1040 3181 et
1061 3116 1165 3201 ipsum
1191 3136 1261 3182 esse
1286 3136 1369 3183 crea·
1432 3130 1459 3182 Ι)

320 3392 432 3447 2111111
450 3392 517 3445 Dor.
538 3392 600 3456 565,
620 3394 635 3447 9
656 3392 710 3447 Cic.
731 3392 814 3447 head.
834 3392 923 3457 1155,
943 3393 976 3447 cl.
991 3394 1026 3449 73
1080 3392 1160 3448 4011
1182 3392 1215 3449 de
1229 3398 1285 3449 nat.
1300 3394 1372 3451 deor.

231 3483 244 3535 I
266 3482 324 3547 120,
344 3481 377 3536 de
397 3481 479 3535 diuin.
498 3481 547 3535 15
633 3484 649 3537 5
668 3482 747 3536 Philo
768 3482 801 3536 de
821 3487 922 3536 aetern.
941 3482 1035 3536 mundi
1055 3483 1070 3536 3
1091 3482 1209 3548 (11489,
1231 3486 1243 3539 1
1263 3485 1372 3552 11111.

230 3570 353 3625 Philonis
374 3570 406 3624 de
426 3574 478 3625 aet.
498 3570 591 3624 mundi
610 3569 651 3625 ed.
671 3570 701 3624 F.
724 3570 839 3625 Cumont
857 3572 984 3641 Prolegg.
1004 3590 1029 3642 p.
1048 3571 1108 3637 XV)
1129 3572 1205 3626 Diels
1224 3573 1292 3627 Dor.
1311 3575 1373 3632 dib.

231 3660 266 3713 34
322 3659 556 3715 meladense.
578 3658 748 3713 deosum
823 3661 856 3714 19
876 3660 942 3714 Gen.
964 3661 1022 3723 1‚1
1078 3660 1289 3721 teloneas
1418 3657 1428 3691 s

267 3846 283 3900 3
302 3844 412 3915 scripsit
429 3844 496 3898 N‘B
536 3848 552 3899 4
571 3844 684 3915 phisicis
703 3846 740 3899 M
755 3844 838 3899 fisicis
856 3846 884 3899 B
901 3845 993 3915 fysieis
1012 3852 1059 3900 cel.
1114 3850 1238 3900 uetustas
1257 3848 1375 3901 auctori·

231 3934 298 3987 tatis
311 3934 355 3986 Μ’
409 3934 492 3987 dscd
512 3934 715 4004 sempeer2
764 3934 1064 3989 lnont'GVneclt'
1108 3937 1201 3990 tueri
1221 3936 1379 3991 esseCGl'

233 4040 289 4076 csso
310 4023 367 4076 ueri
387 4022 417 4075 N
507 4024 540 4077 12
560 4040 652 4078 eorum
673 4023 723 4079 (Ὀ
826 4040 874 4077 nec
894 4040 946 4093 que
964 4040 1090 4077 numerus
1108 4042 1158 4079 nec
1178 4042 1229 4095 que
1250 4026 1274 4078 (-'
1290 4027 1316 4095 (c
1335 4026 1376 4079 bia

232 4116 313 4178 cras.)
333 4117 358 4166 et
377 4115 457 4175 (corr.
476 4117 528 4181 aaz)
551 4113 576 4167 G
595 4130 682 4183 neque
701 4130 726 4166 n.
746 4128 834 4182 neque
853 4112 880 4166 V
915 4114 947 4167 13
966 4112 1183 4167 aestimationem
1199 4114 1251 4166 (JV
1285 4116 1319 4169 14
1331 4131 1375 4168 ru·

231 4198 767 4255 111111111111(’11111011111111111101112111.
850 4201 1039 4257 1511111111
1109 4202 1141 4255 21
1162 4204 1333 4270 cognuscires
1354 4204 1378 4255 t'

232 4296 311 4353 (corr.
331 4292 387 4354 1112)
443 4290 477 4343 22
497 4289 648 4345 dicentibus
669 4290 721 4345 sihi
739 4289 798 4345 Mc
850 4292 884 4344 23
904 4289 987 4359 quod]
1008 4291 1054 4360 qui
1076 4290 1100 4344 C
1116 4294 1175 4356 (1112
1193 4308 1226 4344 ec
1244 4292 1328 4360 quod)
1348 4292 1375 4344 B

233 4376 305 4446 quod
325 4382 355 4443 (a.
375 4378 388 4429 l
407 4376 464 4448 qui)
482 4378 525 4431 Μ’
612 4381 645 4433 24
665 4378 796 4449 gignendi
817 4378 842 4433 G
861 4378 892 4450 (a.
911 4380 990 4433 11121
1008 4378 1164 4449 gignendis)
1183 4379 1328 4450 gtgnendis
1345 4378 1378 4434 N
