3142 4967
344 425 386 478 De
405 422 472 479 Cain
492 427 520 478 et
536 423 607 477 Abel
624 422 652 477 11
670 425 696 487 6,
716 423 821 478 18-29
860 423 884 488 (Ι
903 422 954 476 214
973 421 1086 476 Ε-215
1106 421 1149 488 Ε).
1257 424 1324 488 395

177 621 316 683 uetera
338 623 522 684 ueterum
546 621 585 684 et
607 621 751 684 uetera
770 638 789 683 a
806 618 912 682 facie
933 636 1130 682 nouorum
1150 616 1323 683 auferte.

177 726 266 793 cibus
297 727 389 792 nobis
421 726 466 791 sit
497 727 636 810 cognitio
668 726 929 809 patriarcharum,
962 726 1109 808 epuletur·
1136 725 1262 790 animus
1290 725 1322 788 in

175 833 398 916 prophetarum
440 829 580 908 (libris)
618 832 755 897 oracula.
797 831 854 896 tali
891 831 1001 914 sagina
1042 850 1132 896 mens
1173 834 1324 913 pascatur

175 940 314 1017 interior,
347 939 404 1004 sed
432 939 496 1003 iam
522 957 583 1004 non
612 939 737 1021 species
766 938 841 1022 agni
869 939 922 1016 sit,
951 938 1152 1003 sodomitas
1181 939 1322 1021 corporis

146 1046 303 1113 schristi.
341 1065 402 1110 non
438 1046 521 1130 legis
557 1038 670 1110 umbra
705 1045 920 1130 praestringat
959 1046 1082 1121 oculos,
1122 1044 1177 1109 sed
1215 1049 1322 1128 aperte

175 1153 351 1218 dominicae
375 1153 479 1236 gratia
500 1153 667 1236 passionis,
692 1152 840 1236 splendor
858 1152 1097 1218 resurrectionis
1118 1151 1218 1216 aciem
1236 1171 1321 1216 men·

174 1260 216 1324 tis
239 1259 419 1324 inluminet.

97 1371 131 1430 21)
218 1365 254 1431 Si
281 1369 388 1430 autem
416 1366 527 1430 offeres
556 1365 747 1431 sacrificinm
776 1364 815 1429 de
842 1365 1016 1449 primitiuis
1048 1366 1173 1444 ouibus,
1206 1365 1320 1430 frixum
1345 1369 1368 1424 c

174 1474 204 1536 in
223 1471 306 1556 igne,
326 1472 440 1538 frixum
462 1473 591 1558 pingue,
615 1473 727 1538 offeres
751 1472 941 1538 sacrificium
966 1473 1212 1556 primitiuorum,
1237 1473 1322 1537 siout

18 1632 19 1637 ,
132 1578 329 1661 rescriptum
351 1583 411 1656 est,
436 1578 521 1662 qnod
545 1579 704 1663 significat
725 1578 821 1644 fidem
845 1583 934 1644 tuam
958 1580 1049 1644 uelut
1071 1579 1137 1664 igni
1155 1579 1319 1662 probatam

172 1704 244 1750 esse
263 1685 375 1750 debere
399 1689 433 1750 et
455 1689 565 1750 sancto
588 1685 764 1778 lenientem
789 1685 914 1768 spiritu.
939 1685 1073 1769 deniqne
1097 1686 1181 1752 coxit
1201 1687 1317 1750 lentem

172 1793 266 1857 Iacob
300 1795 333 1857 et
362 1792 451 1857 fratri
483 1793 639 1874 primatus
671 1792 902 1858 benedictionis
935 1793 1062 1875 eripuit,
1096 1812 1175 1874 quos
1208 1791 1320 1875 utique

173 1900 276 1964 solida
310 1901 557 1981 consequeretur
591 1899 681 1964 fides.
720 1897 772 1964 hic
814 1919 887 1985 ergo
930 1900 1082 1965 robustus
1120 1902 1153 1964 et
1188 1898 1319 1964 uiuidus

173 2006 359 2089 augebatur,
382 2005 437 2070 ille
461 2008 567 2070 autem
592 2006 647 2088 qui
671 2006 776 2071 cibum
801 2026 894 2073 snum
915 2026 1049 2089 coquere
1068 2006 1231 2072 nesciebat
1248 2005 1319 2071 fati-

132 2131 157 2171 11
173 2116 267 2196 gatus
300 2115 395 2195 atque
427 2111 575 2176 deficiens
603 2111 770 2178 defluebat.
803 2119 914 2179 uratur
940 2114 1041 2198 igitur
1069 2115 1166 2178 uerbo
1200 2113 1319 2178 domini
1338 2127 1365 2178 Ι)

173 2218 257 2282 sicut
278 2219 352 2303 igne
375 2218 478 2284 uirtus
490 2218 623 2283 -animae
642 2224 726 2284 tuae.
751 2218 825 2284 uide
844 2225 954 2284 ustum
972 2221 1099 2304 Ioseph,
1116 2221 1204 2286 sicut
1222 2221 1319 2302 scrip-

173 2329 241 2390 tum
275 2328 339 2390 est:
373 2326 581 2407 eloquium
615 2325 768 2390 domini
798 2327 907 2392 ussit
935 2346 1031 2391 eum.
1060 2331 1217 2392 torreatur
1239 2327 1317 2392 fides

172 2435 228 2497 tua
255 2433 341 2497 sient
368 2433 475 2514 spicae
502 2432 670 2507 messium
700 2437 778 2497 tunc
806 2433 889 2498 enim
917 2434 1132 2498 maturitatem
1156 2433 1318 2497 fructuum

171 2539 363 2623 praeferunt,
397 2559 469 2604 com
502 2559 555 2604 eas
587 2540 689 2622 primo
723 2539 800 2604 solis
832 2559 982 2624 processu
1014 2543 1158 2622 tempora
1194 2540 1319 2604 aestiua

128 2667 155 2705 so
172 2647 351 2713 torruerint.
382 2665 484 2712 sermo
512 2647 612 2730 igitur
638 2646 796 2730 plurimus
825 2647 1052 2730 scripturarum
1081 2647 1217 2711 animam
1246 2665 1318 2712 con-

173 2753 277 2817 firmat
295 2756 329 2816 et
347 2753 484 2835 quodam
504 2753 657 2836 spiritalis
681 2757 801 2838 gratiae
825 2754 946 2820 colorat
969 2773 1094 2836 uapore,
1118 2753 1318 2818 rationabilia
1382 2755 1387 2768 '

172 2879 298 2942 qnoque
329 2860 461 2924 inuenta
487 2861 675 2925 conroborat
701 2860 914 2944 dissoluitque
943 2880 1068 2926 omnem
1096 2861 1163 2924 uim
1190 2860 1318 2924 inratio-

171 2967 326 3032 nabilium
340 2967 535 3050 passionum.
554 2966 688 3050 ideoque
707 2967 792 3033 Esau
810 2967 923 3032 laxatis
942 2967 1072 3031 uirtutis
1092 2985 1167 3032 suae
1187 2967 1317 3031 nexibus
1341 2977 1365 3030 lu

172 3073 351 3139 dissolutus
379 3077 438 3151 est,
465 3074 514 3138 illi
543 3077 649 3138 antem
679 3074 733 3156 qni
761 3073 918 3140 succincti
944 3074 1071 3138 lumbos
1100 3094 1160 3140 non
1184 3074 1317 3138 crudum

127 3199 153 3238 ar
171 3199 274 3263 neque
298 3182 424 3245 coctum
447 3181 480 3245 in
504 3199 594 3264 aqua,
619 3180 676 3244 sed
698 3183 841 3246 assatum
865 3182 897 3245 in
921 3181 986 3266 igni
1012 3186 1109 3263 caput
1131 3181 1203 3266 agni
1228 3181 1319 3246 edere

171 3286 372 3363 iubebantur,
402 3287 486 3352 sicut
509 3287 607 3352 habes
630 3288 662 3352 in
686 3288 803 3366 Exodo,
828 3288 904 3353 forti
928 3307 964 3352 ac
986 3287 1073 3353 fidoli
1098 3288 1202 3352 animo
1226 3288 1319 3372 pede-

260 3559 277 3611 5
301 3555 384 3611 Hebr.
410 3557 451 3621 10,
477 3559 490 3611 1
583 3557 701 3612 8Plrilc
727 3557 759 3612 de
783 3575 850 3615 sacr.
875 3560 909 3613 23
934 3558 1007 3626 (178,
1031 3559 1080 3623 47;
1106 3557 1120 3610 Ι
1145 3559 1208 3622 235,
1231 3560 1247 3611 2
1276 3557 1318 3622 0.)

172 3648 202 3700 11
224 3645 293 3701 Gen.
313 3646 356 3708 25,
376 3646 410 3698 29
428 3645 508 3699 Philo
528 3644 561 3699 de
580 3645 1037 3715 11111.24(179,6;Ι295,100.)
1081 3648 1114 3699 ld
1135 3645 1200 3700 Gen.
1220 3646 1264 3712 25,
1283 3646 1320 3700 30

171 3737 204 3790 17
225 3734 326 3788 Psalm.
347 3732 479 3788 9111119
534 3735 568 3787 26
586 3733 671 3788 Erod.
694 3737 735 3802 12,
755 3736 771 3788 9

206 3895 224 3948 3
243 3893 321 3947 libris
340 3892 442 3947 addidi
548 3895 657 3947 oraculo
683 3894 708 3947 V
728 3895 845 3949 oraculis
869 3894 908 3948 ed.
927 3895 1021 3948 Paris.
1041 3911 1067 3948 a.
1088 3897 1165 3948 1569
1254 3897 1270 3948 6
1291 3898 1319 3948 et

170 3983 301 4053 splendor
318 3981 346 4035 B
437 3982 467 4036 ll
487 3981 640 4036 feruentem
658 3982 696 4036 M
711 3982 835 4038 seruante
854 3984 918 4036 AA‘
938 3983 1041 4038 fernme
1061 3989 1107 4036 cet.
1201 3984 1316 4036 131011-

170 4074 320 4140 sequentur
337 4069 375 4123 Μ
391 4074 571 4140 consequetur
588 4071 653 4124 Μ’
737 4073 865 4126 robustus
883 4073 911 4124 B
929 4072 1026 4126 rubens
1045 4072 1174 4126 dionaeo.
1194 4074 1275 4125 2549
1293 4075 1318 4124 et

171 4163 269 4213 14399
286 4159 369 4212 rubus
389 4165 436 4212 cet.
493 4160 526 4212 14
545 4159 678 4229 fatigatus
697 4160 724 4212 B
741 4161 875 4229 fatigatus
895 4165 983 4214 autern
1004 4166 1051 4214 cet.
1116 4161 1150 4214 16
1168 4160 1270 4213 iustum
1294 4159 1321 4212 V

172 4249 192 4316 (ἰ
210 4253 292 4312 eras.)
348 4248 558 4302 20torruernnt
575 4248 603 4301 P
621 4249 688 4314 (int
705 4252 762 4314 m2)
781 4249 816 4302 P‘
871 4249 905 4302 25
924 4249 1028 4318 igneB
1047 4254 1071 4302 et
1092 4249 1111 4314 (i
1129 4265 1150 4302 s.
1171 4265 1185 4301 e
1203 4247 1261 4318 1112)
1275 4247 1318 4302 M·

208 4337 271 4406 ugni
290 4339 374 4405 caput
391 4336 419 4389 B
