3142 4967
277 467 342 531 462
746 462 945 517 Ambrosii

278 664 453 745 generetur,
480 680 514 725 er
539 679 601 743 qua
625 660 730 724 oleum
755 658 931 737 conficitur,
956 678 1017 742 quo
1042 658 1207 723 materiale
1229 657 1290 723 noc
1317 658 1424 722 lumen

276 769 404 833 sonetur
427 771 460 832 et
482 768 681 831 tenebrarum
704 766 835 851 fugetur
858 766 1046 831 obscuritas
1080 766 1156 848 qnid
1185 768 1293 831 autern
1322 766 1423 849 magis

276 894 370 956 quarn
404 876 512 939 lumen
544 872 699 939 familiare
733 874 846 939 uirtuti
875 874 946 941 est?
977 873 1088 938 folium
1119 892 1193 957 ergo
1222 876 1255 937 et
1281 873 1423 939 ramulus

275 980 400 1066 insigne
433 983 484 1047 est
515 981 729 1057 correctionis,
763 981 915 1045 correctio
950 983 1056 1045 autem
1089 980 1180 1063 quasi
1207 979 1344 1043 radicem
1375 980 1424 1045 sui

275 1088 502 1168 paenitentiam
530 1087 636 1165 hebet,
664 1105 745 1168 quae
773 1086 969 1168 paenitentia
997 1104 1056 1149 non
1084 1087 1192 1167 potest
1218 1084 1249 1148 in
1275 1083 1421 1163 turbidis,
1450 1102 1462 1141 a

275 1194 332 1258 sed
355 1194 387 1259 in
410 1194 451 1258 iis
475 1194 530 1277 qui
552 1193 616 1257 iam
639 1192 815 1275 spiritalem
839 1211 1014 1257 sermonem
1039 1192 1216 1273 acceperint
1237 1191 1421 1275 germinare.

273 1301 306 1365 in
332 1320 385 1366 ore
409 1320 534 1384 quoque
558 1320 619 1366 non
643 1300 745 1364 frusta
767 1300 911 1365 ramulus
936 1300 1022 1363 oleae
1046 1298 1174 1363 uidetur
1196 1316 1266 1363 esse
1286 1297 1420 1373 deletus,
1480 1300 1500 1355 Ε

275 1427 311 1473 eo
331 1407 417 1491 quod
434 1407 538 1471 uirtus
558 1408 591 1471 et
609 1406 764 1487 sapientia
782 1406 815 1469 in
835 1424 978 1471 sermone
998 1404 1047 1469 sui
1067 1404 1182 1468 lrabeat
1200 1403 1421 1469 claritudinem

274 1518 306 1579 et
328 1514 399 1598 ipsa
422 1513 529 1578 statim
555 1514 660 1595 specie
682 1512 792 1577 lumen
816 1511 886 1577 eius
909 1512 1070 1596 effulgeat,
1093 1510 1226 1575 maxime
1246 1529 1319 1575 oum
1339 1510 1422 1593 paci·

274 1622 332 1685 tica
355 1620 506 1702 loquitur,
531 1620 680 1702 quoniam
702 1620 788 1684 hunc
812 1638 936 1701 quoque
959 1618 1117 1681 ramulum
1142 1636 1252 1701 pacem
1270 1619 1421 1700 ,petentes
1439 1638 1461 1677 n

273 1728 427 1809 praeferre
452 1731 653 1792 consuerunt.
678 1728 755 1791 tulit
776 1726 948 1803 ramulum,
968 1744 1004 1791 eo
1026 1724 1109 1807 quod
1129 1723 1319 1807 simplicitas
1339 1724 1423 1807 puri·

274 1838 339 1899 tate
369 1838 401 1898 et
428 1834 611 1901 sinceritate
639 1834 761 1898 semina
790 1832 943 1915 quaedam
972 1832 1101 1895 artubus
1130 1831 1246 1897 nostris
1270 1830 1421 1899 utilitatis

273 1942 413 2007 infundit
436 1944 468 2005 et
490 1941 591 2005 bonae
615 1940 758 2005 doctrine
780 1939 911 2004 uirtutis
936 1939 1049 2003 autad
1067 1937 1252 2004 instantiam
1270 1942 1423 2020 prouocat
1550 1936 1551 2017 ι

274 2052 307 2113 at
333 2048 450 2113 inuitat
477 2048 515 2111 ad
543 2048 719 2130 praemium
748 2046 848 2111 bonae
878 2046 939 2110 sibi
967 2044 1129 2109 conscium
1154 2044 1342 2125 disciplinae
1366 2048 1420 2108 aut
1479 2056 1497 2109 F

271 2154 425 2236 gerendae
447 2153 657 2235 paenitentiae
681 2154 715 2217 et
737 2152 914 2235 sequendae
939 2150 1188 2217 conuersationis
1212 2152 1417 2235 cupiditatem
1436 2170 1459 2208 n

272 2260 364 2325 inicit
385 2259 554 2344 peccatori.

90 2400 138 2416 Α
227 2376 269 2441 68
315 2366 406 2432 Unde
429 2369 591 2450 praeterea
613 2365 800 2450 cognouerit
823 2371 952 2432 sanctus
976 2366 1045 2431 Noe
1069 2367 1143 2449 quia
1166 2366 1317 2432 defecerit
1340 2385 1419 2449 aqna

271 2493 289 2537 a
321 2475 414 2552 terra,
448 2474 534 2540 sicut
566 2472 720 2555 scriptum
754 2476 814 2548 est,
848 2472 1110 2537 considerandum
1143 2473 1281 2539 uidetur.
1318 2474 1418 2555 primo

270 2580 411 2645 omnium
454 2580 630 2645 secundum
670 2580 822 2657 litteram,
865 2579 939 2661 quia
983 2579 1090 2662 potuit
1130 2579 1317 2663 intellegere
1359 2580 1419 2643 sio-

269 2705 343 2751 cum
371 2704 410 2753 an
437 2686 582 2751 umidum
609 2686 723 2750 folium
751 2688 838 2751 esset
865 2686 1007 2761 allatum,
1038 2686 1149 2750 deinde
1177 2686 1326 2768 quoniam
1355 2704 1416 2751 non
1435 2704 1457 2743 n

269 2796 320 2859 est
348 2792 533 2858 huiusmodi
561 2792 719 2868 columbe,
748 2794 786 2856 ut
814 2792 936 2856 fructus
964 2791 1102 2856 latentes
1126 2792 1185 2855 sub
1210 2810 1292 2873 aqua
1315 2792 1417 2873 possit

270 2919 388 2964 eruere.
422 2899 477 2964 sed
500 2903 610 2964 utrum
632 2899 712 2963 illud
736 2899 850 2964 folium
875 2903 946 2963 ante
971 2898 1131 2963 diluuium
1154 2898 1252 2963 fuerit
1274 2901 1414 2963 exortum

270 3026 309 3071 en
332 3010 473 3087 tempore
496 3006 609 3071 diluuii
633 3004 848 3070 contuendum
873 3008 923 3069 est
946 3005 1014 3071 tibi.
1040 3004 1068 3069 si
1087 3008 1158 3069 ante
1179 3004 1348 3081 diluuium,
1367 3005 1416 3069 uir

360 3250 393 3302 17
413 3248 479 3303 Gen.
498 3249 523 3307 8.
545 3251 576 3304 ll

304 3375 427 3443 ansgis
447 3390 527 3445 quam
541 3375 568 3427 P
586 3376 617 3432 (a.
638 3375 697 3443 agis
717 3392 797 3443 quem
816 3390 872 3428 ras.
893 3380 951 3427 octo
965 3372 1027 3441 sere
1046 3372 1109 3437 litt.)
1128 3372 1153 3425 T
1170 3376 1261 3441 (quarn
1281 3388 1315 3426 aa:
1333 3372 1414 3441 quod)

268 3464 285 3516 3
304 3462 431 3517 familiari
450 3463 478 3516 P
494 3466 547 3530 (-re
567 3461 624 3531 ιιι2)
644 3462 668 3515 0
737 3463 871 3516 uirtutum
890 3463 917 3516 P
935 3462 981 3529 (·ti
1000 3465 1057 3529 ιιι3)
1077 3460 1109 3515 N
1125 3460 1227 3514 uirtute
1241 3459 1269 3513 B
1323 3462 1341 3515 4
1360 3478 1414 3515 cor·

268 3552 400 3621 reptionie
418 3551 448 3605 D
466 3551 646 3621 corruptionis
664 3551 697 3604 N
768 3551 901 3621 correptio
921 3550 954 3604 N
1004 3554 1020 3605 5
1040 3550 1124 3604 habet
1142 3550 1169 3602 P
1187 3550 1413 3614 (armaturas.

272 3666 374 3736 arser.)
437 3668 514 3721 onis
534 3668 599 3721 iecra
672 3670 835 3737 acceperunt
854 3666 940 3720 ncnc
1005 3632 1189 3729 reinmarum
1208 3666 1236 3719 P
1300 3666 1331 3720 ιι
1353 3680 1413 3719 con-

270 3762 382 3811 suerunt
399 3756 461 3809 PT‘
480 3759 676 3810 consueuerant
694 3761 741 3809 cet.
790 3756 823 3808 12
842 3772 872 3809 ac
891 3755 1047 3809 sinceritate
1069 3754 1128 3809 CM
1171 3755 1204 3809 13
1224 3752 1416 3807 doetrinamT

306 3845 341 3900 ad
358 3862 379 3899 a.
398 3862 425 3898 u.
446 3846 473 3898 P
524 3845 682 3898 instantiam
701 3845 801 3911 scripsi
819 3844 978 3897 industriam
992 3844 1046 3897 Bc
1062 3844 1195 3897 iustitiam
1216 3848 1263 3897 cet.
1305 3844 1337 3897 14
1351 3858 1412 3895 con·

270 3936 366 4004 scium]
386 3934 530 3988 comissum
548 3933 669 3987 DNCM
724 3934 755 3985 17
776 3932 847 3985 unde
868 3936 895 3985 et
913 3932 944 3985 T‘
1017 3931 1146 4001 cognouit
1164 3932 1189 3983 T
1207 3930 1366 3999 cognouerit
1383 3928 1411 3982 T

271 4028 301 4088 (a.
320 4024 493 4091 luiterus.)
544 4023 574 4075 19
594 4026 684 4075 utrum
702 4022 803 4074 siccum
822 4021 850 4074 P
869 4024 968 4084 (utrum
987 4038 1008 4075 e.
1027 4038 1054 4075 u.
1074 4024 1131 4085 m2)
1152 4024 1198 4073 oet.
1246 4018 1280 4073 20
1295 4016 1411 4073 umidum

268 4112 323 4166 PT
339 4110 574 4179 humidumD(h
592 4127 614 4164 e.
632 4114 672 4175 ae.)
698 4110 728 4163 T‘
748 4116 797 4163 cot.
870 4110 1008 4177 quoniam}
1030 4110 1125 4177 quoB
1144 4108 1208 4178 quia
1221 4106 1285 4162 DN
1336 4108 1366 4161 21
1383 4110 1412 4159 ut

264 4202 369 4254 tructus
388 4200 506 4253 latentes
526 4199 575 4253 snb
596 4216 667 4269 aqua
686 4199 775 4269 possit
792 4199 818 4252 T
835 4214 904 4268 quae
925 4202 967 4265 (oe
987 4214 1019 4252 er
1033 4202 1058 4263 a)
1079 4198 1168 4267 ppeeit
1182 4197 1260 4250 Pmr
1279 4196 1343 4267 (det.
1357 4197 1411 4261 ne)

264 4293 296 4342 ut
313 4289 402 4358 possit
419 4288 523 4342 tructus
542 4288 660 4343 latentes
679 4288 729 4341 snb
749 4305 822 4357 aqua
840 4274 867 4341 'P
883 4288 914 4341 ie
932 4304 982 4356 neq.
1002 4291 1048 4340 ιιι3
1067 4292 1114 4341 cet.
1192 4286 1227 4339 23
1247 4286 1410 4349 constituen-

267 4378 331 4430 dum
355 4376 387 4430 T‘
