<?xml version="1.0" encoding="UTF-8"?>
<!DOCTYPE html PUBLIC "-//W3C//DTD XHTML 1.0 Transitional//EN"
    "http://www.w3.org/TR/xhtml1/DTD/xhtml1-transitional.dtd">
<html xmlns="http://www.w3.org/1999/xhtml" xml:lang="en" lang="en">
 <head>
  <title>
</title>
<meta http-equiv="Content-Type" content="text/html;charset=utf-8" />
  <meta name='ocr-system' content='tesseract 3.04.00' />
  <meta name='ocr-capabilities' content='ocr_page ocr_carea ocr_par ocr_line ocrx_word'/>
</head>
<body>
  <div class='ocr_page' id='page_1' title='image "./corpusscriptoru00wissgoog_0404.png"; bbox 0 0 3142 4967; ppageno 0'>
   <div class='ocr_carea' id='block_1_1' title="bbox 259 431 930 502">
    <p class='ocr_par' dir='ltr' id='par_1_1' title="bbox 259 431 930 502">
     <span class='ocr_line' id='line_1_1' title="bbox 259 431 930 502; baseline 0.003 -19"><span class='ocrx_word' id='word_1_1' title='bbox 259 438 326 502; x_wconf 79' lang='grc'>396</span> <span class='ocrx_word' id='word_1_2' title='bbox 730 431 930 486; x_wconf 79' lang='lat' dir='ltr'>Ambrosii</span> 
     </span>
    </p>
   </div>
   <div class='ocr_carea' id='block_1_2' title="bbox 202 628 1514 3383">
    <p class='ocr_par' dir='ltr' id='par_1_2' title="bbox 258 628 1406 1033">
     <span class='ocr_line' id='line_1_2' title="bbox 260 628 1405 713; baseline 0 -19"><span class='ocrx_word' id='word_1_3' title='bbox 260 629 318 695; x_wconf 90' lang='lat' dir='ltr'>stri</span> <span class='ocrx_word' id='word_1_4' title='bbox 349 629 462 694; x_wconf 89' lang='lat' dir='ltr'>itinero</span> <span class='ocrx_word' id='word_1_5' title='bbox 493 629 591 693; x_wconf 88' lang='lat' dir='ltr'>maria</span> <span class='ocrx_word' id='word_1_6' title='bbox 622 630 876 694; x_wconf 76' lang='lat' dir='ltr'><strong>transfretarunt.</strong></span> <span class='ocrx_word' id='word_1_7' title='bbox 904 628 936 692; x_wconf 95' lang='lat' dir='ltr'>in</span> <span class='ocrx_word' id='word_1_8' title='bbox 965 629 1130 713; x_wconf 86' lang='lat' dir='ltr'>euangelio</span> <span class='ocrx_word' id='word_1_9' title='bbox 1159 646 1286 710; x_wconf 88' lang='lat' dir='ltr'>quoque</span> <span class='ocrx_word' id='word_1_10' title='bbox 1315 647 1405 694; x_wconf 89' lang='lat' dir='ltr'>assos</span> 
     </span>
     <span class='ocr_line' id='line_1_3' title="bbox 259 735 1404 819; baseline 0 -19"><span class='ocrx_word' id='word_1_11' title='bbox 259 737 363 819; x_wconf 80' lang='lat' dir='ltr'>pisces</span> <span class='ocrx_word' id='word_1_12' title='bbox 387 737 533 801; x_wconf 91' lang='lat' dir='ltr'>dominus</span> <span class='ocrx_word' id='word_1_13' title='bbox 557 736 648 800; x_wconf 85' lang='lat' dir='ltr'>Issus</span> <span class='ocrx_word' id='word_1_14' title='bbox 670 736 893 812; x_wconf 76' lang='lat' dir='ltr'>manducabat,</span> <span class='ocrx_word' id='word_1_15' title='bbox 919 735 1003 801; x_wconf 90' lang='lat' dir='ltr'>sicut</span> <span class='ocrx_word' id='word_1_16' title='bbox 1026 737 1179 818; x_wconf 91' lang='lat' dir='ltr'>scriptum</span> <span class='ocrx_word' id='word_1_17' title='bbox 1204 739 1263 814; x_wconf 88' lang='lat' dir='ltr'>est,</span> <span class='ocrx_word' id='word_1_18' title='bbox 1287 736 1404 819; x_wconf 91' lang='lat' dir='ltr'>inquo</span> 
     </span>
     <span class='ocr_line' id='line_1_4' title="bbox 258 839 1406 926; baseline 0 -20"><span class='ocrx_word' id='word_1_19' title='bbox 258 843 423 926; x_wconf 88' lang='lat' dir='ltr'>plenitudo</span> <span class='ocrx_word' id='word_1_20' title='bbox 452 843 554 908; x_wconf 89' lang='lat' dir='ltr'>sancti</span> <span class='ocrx_word' id='word_1_21' title='bbox 582 842 713 926; x_wconf 83' lang='lat' dir='ltr'>spiritua</span> <span class='ocrx_word' id='word_1_22' title='bbox 741 843 948 908; x_wconf 82' lang='lat' dir='ltr'>redundabat.</span> <span class='ocrx_word' id='word_1_23' title='bbox 974 847 1006 907; x_wconf 87' lang='lat' dir='ltr'>et</span> <span class='ocrx_word' id='word_1_24' title='bbox 1028 839 1162 908; x_wconf 83' lang='lat' dir='ltr'>fortasse</span> <span class='ocrx_word' id='word_1_25' title='bbox 1185 843 1256 908; x_wconf 87' lang='lat' dir='ltr'>ideo</span> <span class='ocrx_word' id='word_1_26' title='bbox 1282 843 1406 908; x_wconf 88' lang='lat' dir='ltr'>delicie·</span> 
     </span>
     <span class='ocr_line' id='line_1_5' title="bbox 258 949 1405 1033; baseline 0 -19"><span class='ocrx_word' id='word_1_27' title='bbox 258 950 314 1014; x_wconf 91' lang='lat' dir='ltr'>bat</span> <span class='ocrx_word' id='word_1_28' title='bbox 343 951 440 1028; x_wconf 78' lang='lat' dir='ltr'>Esau,</span> <span class='ocrx_word' id='word_1_29' title='bbox 473 949 548 1031; x_wconf 90' lang='lat' dir='ltr'>quia</span> <span class='ocrx_word' id='word_1_30' title='bbox 580 954 707 1014; x_wconf 90' lang='lat' dir='ltr'>coctum</span> <span class='ocrx_word' id='word_1_31' title='bbox 738 950 770 1014; x_wconf 88' lang='lat' dir='ltr'>in</span> <span class='ocrx_word' id='word_1_32' title='bbox 804 967 886 1033; x_wconf 85' lang='lat' dir='ltr'>aqua</span> <span class='ocrx_word' id='word_1_33' title='bbox 919 949 1119 1014; x_wconf 76' lang='lat' dir='ltr'>desiderabat</span> <span class='ocrx_word' id='word_1_34' title='bbox 1155 950 1272 1027; x_wconf 89' lang='lat' dir='ltr'>cibum,</span> <span class='ocrx_word' id='word_1_35' title='bbox 1310 969 1405 1031; x_wconf 87' lang='lat' dir='ltr'>quem</span> 
     </span>
    </p>

    <p class='ocr_par' dir='ltr' id='par_1_3' title="bbox 202 1055 1514 2848">
     <span class='ocr_line' id='line_1_6' title="bbox 202 1055 1477 1139; baseline 0.002 -22"><span class='ocrx_word' id='word_1_36' title='bbox 202 1055 244 1118; x_wconf 85' lang='lat'>21</span> <span class='ocrx_word' id='word_1_37' title='bbox 257 1057 353 1122; x_wconf 83' lang='lat' dir='ltr'>Iacob</span> <span class='ocrx_word' id='word_1_38' title='bbox 378 1057 469 1139; x_wconf 90' lang='lat' dir='ltr'>quasi</span> <span class='ocrx_word' id='word_1_39' title='bbox 491 1057 663 1122; x_wconf 84' lang='lat' dir='ltr'>inhabilem</span> <span class='ocrx_word' id='word_1_40' title='bbox 688 1057 751 1122; x_wconf 89' lang='lat' dir='ltr'>sibi</span> <span class='ocrx_word' id='word_1_41' title='bbox 773 1056 906 1122; x_wconf 89' lang='lat' dir='ltr'>donauit</span> <span class='ocrx_word' id='word_1_42' title='bbox 926 1057 1060 1122; x_wconf 86' lang='lat' dir='ltr'>infirmo.</span> <span class='ocrx_word' id='word_1_43' title='bbox 1086 1057 1278 1122; x_wconf 87' lang='lat' dir='ltr'>oblationem</span> <span class='ocrx_word' id='word_1_44' title='bbox 1297 1061 1404 1120; x_wconf 88' lang='lat' dir='ltr'>autam</span> <span class='ocrx_word' id='word_1_45' title='bbox 1431 1066 1477 1120; x_wconf 70' lang='lat' dir='ltr'>all</span> 
     </span>
     <span class='ocr_line' id='line_1_7' title="bbox 258 1163 1406 1248; baseline -0.001 -20"><span class='ocrx_word' id='word_1_46' title='bbox 258 1168 354 1248; x_wconf 85' lang='lat' dir='ltr'>atque</span> <span class='ocrx_word' id='word_1_47' title='bbox 386 1164 559 1229; x_wconf 88' lang='lat' dir='ltr'>orationem</span> <span class='ocrx_word' id='word_1_48' title='bbox 592 1166 717 1246; x_wconf 90' lang='lat' dir='ltr'>oportet</span> <span class='ocrx_word' id='word_1_49' title='bbox 748 1183 810 1229; x_wconf 89' lang='lat' dir='ltr'>uon</span> <span class='ocrx_word' id='word_1_50' title='bbox 839 1165 1003 1229; x_wconf 86' lang='lat' dir='ltr'>confusam</span> <span class='ocrx_word' id='word_1_51' title='bbox 1032 1183 1113 1242; x_wconf 85' lang='lat' dir='ltr'>esse,</span> <span class='ocrx_word' id='word_1_52' title='bbox 1142 1163 1198 1228; x_wconf 85' lang='lat' dir='ltr'>sed</span> <span class='ocrx_word' id='word_1_53' title='bbox 1226 1164 1406 1248; x_wconf 85' lang='lat' dir='ltr'>conpetenti</span> 
     </span>
     <span class='ocr_line' id='line_1_8' title="bbox 257 1271 1405 1346; baseline 0 -10"><span class='ocrx_word' id='word_1_54' title='bbox 257 1272 416 1338; x_wconf 84' lang='lat' dir='ltr'>diuisione</span> <span class='ocrx_word' id='word_1_55' title='bbox 430 1272 624 1336; x_wconf 85' lang='lat' dir='ltr'>distinctam.</span> <span class='ocrx_word' id='word_1_56' title='bbox 643 1272 676 1334; x_wconf 92' lang='lat' dir='ltr'>in</span> <span class='ocrx_word' id='word_1_57' title='bbox 695 1271 781 1336; x_wconf 89' lang='lat' dir='ltr'>omui</span> <span class='ocrx_word' id='word_1_58' title='bbox 802 1271 885 1335; x_wconf 90' lang='lat' dir='ltr'>enim</span> <span class='ocrx_word' id='word_1_59' title='bbox 905 1271 1091 1336; x_wconf 87' lang='lat' dir='ltr'>confusione</span> <span class='ocrx_word' id='word_1_60' title='bbox 1105 1271 1218 1335; x_wconf 88' lang='lat' dir='ltr'>melior</span> <span class='ocrx_word' id='word_1_61' title='bbox 1230 1271 1405 1346; x_wconf 83' lang='lat' dir='ltr'>distinctio,</span> 
     </span>
     <span class='ocr_line' id='line_1_9' title="bbox 256 1377 1403 1462; baseline -0.002 -18"><span class='ocrx_word' id='word_1_62' title='bbox 256 1381 359 1444; x_wconf 92' lang='lat' dir='ltr'>multo</span> <span class='ocrx_word' id='word_1_63' title='bbox 389 1377 492 1462; x_wconf 85' lang='lat' dir='ltr'>magis</span> <span class='ocrx_word' id='word_1_64' title='bbox 525 1378 556 1442; x_wconf 92' lang='lat' dir='ltr'>in</span> <span class='ocrx_word' id='word_1_65' title='bbox 589 1377 730 1442; x_wconf 87' lang='lat' dir='ltr'>oratione</span> <span class='ocrx_word' id='word_1_66' title='bbox 762 1381 858 1461; x_wconf 86' lang='lat' dir='ltr'>atqua</span> <span class='ocrx_word' id='word_1_67' title='bbox 891 1377 1061 1456; x_wconf 86' lang='lat' dir='ltr'>oblatione,</span> <span class='ocrx_word' id='word_1_68' title='bbox 1095 1397 1175 1460; x_wconf 86' lang='lat' dir='ltr'>quaa</span> <span class='ocrx_word' id='word_1_69' title='bbox 1207 1377 1269 1442; x_wconf 90' lang='lat' dir='ltr'>nisi</span> <span class='ocrx_word' id='word_1_70' title='bbox 1302 1381 1403 1442; x_wconf 89' lang='lat' dir='ltr'>certas</span> 
     </span>
     <span class='ocr_line' id='line_1_10' title="bbox 255 1479 1403 1567; baseline -0.002 -17"><span class='ocrx_word' id='word_1_71' title='bbox 255 1485 431 1552; x_wconf 88' lang='lat' dir='ltr'>diuisionas</span> <span class='ocrx_word' id='word_1_72' title='bbox 463 1484 590 1562; x_wconf 86' lang='lat' dir='ltr'>babeat,</span> <span class='ocrx_word' id='word_1_73' title='bbox 621 1485 659 1548; x_wconf 89' lang='lat' dir='ltr'>fit</span> <span class='ocrx_word' id='word_1_74' title='bbox 691 1479 862 1551; x_wconf 88' lang='lat' dir='ltr'>obscurior.</span> <span class='ocrx_word' id='word_1_75' title='bbox 895 1485 1029 1566; x_wconf 81' lang='lat' dir='ltr'>ideoque</span> <span class='ocrx_word' id='word_1_76' title='bbox 1062 1484 1185 1550; x_wconf 87' lang='lat' dir='ltr'>hostiae</span> <span class='ocrx_word' id='word_1_77' title='bbox 1217 1484 1403 1567; x_wconf 86' lang='lat' dir='ltr'>plerumque</span> 
     </span>
     <span class='ocr_line' id='line_1_11' title="bbox 255 1590 1443 1668; baseline -0.005 -11"><span class='ocrx_word' id='word_1_78' title='bbox 255 1593 398 1658; x_wconf 86' lang='lat' dir='ltr'>membra</span> <span class='ocrx_word' id='word_1_79' title='bbox 418 1592 469 1656; x_wconf 81' lang='lat' dir='ltr'>lex</span> <span class='ocrx_word' id='word_1_80' title='bbox 492 1591 593 1656; x_wconf 92' lang='lat' dir='ltr'>diuidi</span> <span class='ocrx_word' id='word_1_81' title='bbox 615 1592 706 1656; x_wconf 89' lang='lat' dir='ltr'>iubet</span> <span class='ocrx_word' id='word_1_82' title='bbox 729 1592 974 1658; x_wconf 84' lang='lat' dir='ltr'>etbolocuusta</span> <span class='ocrx_word' id='word_1_83' title='bbox 997 1591 1109 1668; x_wconf 82' lang='lat' dir='ltr'>offerri,</span> <span class='ocrx_word' id='word_1_84' title='bbox 1133 1594 1171 1655; x_wconf 92' lang='lat' dir='ltr'>ut</span> <span class='ocrx_word' id='word_1_85' title='bbox 1194 1590 1262 1655; x_wconf 86' lang='lat' dir='ltr'>sine</span> <span class='ocrx_word' id='word_1_86' title='bbox 1287 1590 1404 1655; x_wconf 89' lang='lat' dir='ltr'>admir-</span> <span class='ocrx_word' id='word_1_87' title='bbox 1422 1615 1443 1652; x_wconf 80' lang='lat' dir='ltr'>u</span> 
     </span>
     <span class='ocr_line' id='line_1_12' title="bbox 252 1697 1403 1782; baseline -0.003 -19"><span class='ocrx_word' id='word_1_88' title='bbox 252 1700 341 1764; x_wconf 86' lang='lat' dir='ltr'>tione</span> <span class='ocrx_word' id='word_1_89' title='bbox 374 1702 407 1762; x_wconf 91' lang='lat' dir='ltr'>et</span> <span class='ocrx_word' id='word_1_90' title='bbox 438 1700 634 1782; x_wconf 84' lang='lat' dir='ltr'>operimento</span> <span class='ocrx_word' id='word_1_91' title='bbox 667 1703 763 1781; x_wconf 89' lang='lat' dir='ltr'>atque</span> <span class='ocrx_word' id='word_1_92' title='bbox 796 1699 914 1763; x_wconf 90' lang='lat' dir='ltr'>nudum</span> <span class='ocrx_word' id='word_1_93' title='bbox 948 1699 1138 1763; x_wconf 88' lang='lat' dir='ltr'>sacrificium</span> <span class='ocrx_word' id='word_1_94' title='bbox 1169 1697 1223 1775; x_wconf 90' lang='lat' dir='ltr'>sit,</span> <span class='ocrx_word' id='word_1_95' title='bbox 1253 1715 1290 1764; x_wconf 87' lang='lat' dir='ltr'>oo</span> <span class='ocrx_word' id='word_1_96' title='bbox 1319 1697 1403 1779; x_wconf 89' lang='lat' dir='ltr'>quod</span> 
     </span>
     <span class='ocr_line' id='line_1_13' title="bbox 255 1804 1405 1887; baseline -0.002 -17"><span class='ocrx_word' id='word_1_97' title='bbox 255 1806 339 1870; x_wconf 90' lang='lat' dir='ltr'>nuda</span> <span class='ocrx_word' id='word_1_98' title='bbox 376 1809 471 1887; x_wconf 88' lang='lat' dir='ltr'>atqua</span> <span class='ocrx_word' id='word_1_99' title='bbox 508 1806 656 1871; x_wconf 91' lang='lat' dir='ltr'>omnibus</span> <span class='ocrx_word' id='word_1_100' title='bbox 693 1808 786 1869; x_wconf 83' lang='lat' dir='ltr'>eruta</span> <span class='ocrx_word' id='word_1_101' title='bbox 824 1804 997 1870; x_wconf 86' lang='lat' dir='ltr'>inuolucris</span> <span class='ocrx_word' id='word_1_102' title='bbox 1036 1805 1149 1882; x_wconf 87' lang='lat' dir='ltr'>debeat</span> <span class='ocrx_word' id='word_1_103' title='bbox 1185 1804 1263 1869; x_wconf 90' lang='lat' dir='ltr'>fides</span> <span class='ocrx_word' id='word_1_104' title='bbox 1296 1807 1405 1869; x_wconf 89' lang='lat' dir='ltr'>nostra</span> 
     </span>
     <span class='ocr_line' id='line_1_14' title="bbox 252 1910 1403 1996; baseline -0.001 -20"><span class='ocrx_word' id='word_1_105' title='bbox 252 1913 386 1988; x_wconf 84' lang='lat' dir='ltr'>feruere,</span> <span class='ocrx_word' id='word_1_106' title='bbox 411 1932 448 1978; x_wconf 91' lang='lat' dir='ltr'>na</span> <span class='ocrx_word' id='word_1_107' title='bbox 473 1911 565 1996; x_wconf 76' lang='lat' dir='ltr'>inagis</span> <span class='ocrx_word' id='word_1_108' title='bbox 590 1916 622 1976; x_wconf 89' lang='lat' dir='ltr'>et</span> <span class='ocrx_word' id='word_1_109' title='bbox 644 1911 814 1977; x_wconf 85' lang='lat' dir='ltr'>fallacibus</span> <span class='ocrx_word' id='word_1_110' title='bbox 838 1911 1039 1994; x_wconf 87' lang='lat' dir='ltr'>opinionibus</span> <span class='ocrx_word' id='word_1_111' title='bbox 1063 1910 1224 1989; x_wconf 89' lang='lat' dir='ltr'>induatur,</span> <span class='ocrx_word' id='word_1_112' title='bbox 1249 1910 1305 1976; x_wconf 89' lang='lat' dir='ltr'>sed</span> <span class='ocrx_word' id='word_1_113' title='bbox 1325 1931 1403 1994; x_wconf 87' lang='lat' dir='ltr'>pura</span> 
     </span>
     <span class='ocr_line' id='line_1_15' title="bbox 253 2017 1403 2102; baseline 0.001 -20"><span class='ocrx_word' id='word_1_114' title='bbox 253 2021 350 2100; x_wconf 87' lang='lat' dir='ltr'>atquo</span> <span class='ocrx_word' id='word_1_115' title='bbox 383 2019 505 2085; x_wconf 89' lang='lat' dir='ltr'>sincera</span> <span class='ocrx_word' id='word_1_116' title='bbox 537 2018 727 2100; x_wconf 87' lang='lat' dir='ltr'>simplicitas</span> <span class='ocrx_word' id='word_1_117' title='bbox 760 2017 877 2083; x_wconf 88' lang='lat' dir='ltr'>mantis</span> <span class='ocrx_word' id='word_1_118' title='bbox 910 2021 1069 2102; x_wconf 89' lang='lat' dir='ltr'>appareat.</span> <span class='ocrx_word' id='word_1_119' title='bbox 1099 2017 1209 2083; x_wconf 86' lang='lat' dir='ltr'>deinde</span> <span class='ocrx_word' id='word_1_120' title='bbox 1236 2018 1269 2083; x_wconf 92' lang='lat' dir='ltr'>in</span> <span class='ocrx_word' id='word_1_121' title='bbox 1296 2023 1403 2101; x_wconf 87' lang='lat' dir='ltr'>partos</span> 
     </span>
     <span class='ocr_line' id='line_1_16' title="bbox 254 2124 1514 2210; baseline -0.002 -23"><span class='ocrx_word' id='word_1_122' title='bbox 254 2125 414 2189; x_wconf 89' lang='lat' dir='ltr'>diuidatur</span> <span class='ocrx_word' id='word_1_123' title='bbox 442 2143 609 2209; x_wconf 87' lang='lat' dir='ltr'>congruas.</span> <span class='ocrx_word' id='word_1_124' title='bbox 637 2126 742 2191; x_wconf 88' lang='lat' dir='ltr'>uirtus</span> <span class='ocrx_word' id='word_1_125' title='bbox 770 2126 854 2190; x_wconf 90' lang='lat' dir='ltr'>enirn</span> <span class='ocrx_word' id='word_1_126' title='bbox 878 2145 978 2210; x_wconf 83' lang='lat' dir='ltr'>genus</span> <span class='ocrx_word' id='word_1_127' title='bbox 1003 2130 1062 2204; x_wconf 87' lang='lat' dir='ltr'>ast,</span> <span class='ocrx_word' id='word_1_128' title='bbox 1087 2144 1167 2209; x_wconf 90' lang='lat' dir='ltr'>quae</span> <span class='ocrx_word' id='word_1_129' title='bbox 1191 2124 1346 2190; x_wconf 91' lang='lat' dir='ltr'>diuiditur</span> <span class='ocrx_word' id='word_1_130' title='bbox 1367 2125 1400 2188; x_wconf 92' lang='lat' dir='ltr'>in</span> <span class='ocrx_word' id='word_1_131' title='bbox 1416 2133 1514 2187; x_wconf 75' lang='lat' dir='ltr'>naalol</span> 
     </span>
     <span class='ocr_line' id='line_1_17' title="bbox 251 2230 1403 2314; baseline 0.003 -21"><span class='ocrx_word' id='word_1_132' title='bbox 251 2230 405 2312; x_wconf 88' lang='lat' dir='ltr'>plurimas</span> <span class='ocrx_word' id='word_1_133' title='bbox 443 2231 579 2312; x_wconf 87' lang='lat' dir='ltr'>spacies;</span> <span class='ocrx_word' id='word_1_134' title='bbox 617 2231 674 2296; x_wconf 88' lang='lat' dir='ltr'>sed</span> <span class='ocrx_word' id='word_1_135' title='bbox 705 2231 897 2314; x_wconf 83' lang='lat' dir='ltr'>principales</span> <span class='ocrx_word' id='word_1_136' title='bbox 931 2235 1087 2314; x_wconf 89' lang='lat' dir='ltr'>quattuor·</span> <span class='ocrx_word' id='word_1_137' title='bbox 1115 2235 1200 2307; x_wconf 90' lang='lat' dir='ltr'>sunt,</span> <span class='ocrx_word' id='word_1_138' title='bbox 1232 2231 1403 2314; x_wconf 87' lang='lat' dir='ltr'>prudentia</span> 
     </span>
     <span class='ocr_line' id='line_1_18' title="bbox 251 2337 1402 2422; baseline 0 -19"><span class='ocrx_word' id='word_1_139' title='bbox 251 2337 462 2419; x_wconf 85' lang='lat' dir='ltr'>temperantia</span> <span class='ocrx_word' id='word_1_140' title='bbox 489 2337 642 2403; x_wconf 83' lang='lat' dir='ltr'>fortitudo</span> <span class='ocrx_word' id='word_1_141' title='bbox 670 2339 805 2402; x_wconf 88' lang='lat' dir='ltr'>iustitia.</span> <span class='ocrx_word' id='word_1_142' title='bbox 823 2338 977 2402; x_wconf 74' lang='lat' dir='ltr'>vredoleat</span> <span class='ocrx_word' id='word_1_143' title='bbox 1002 2339 1102 2422; x_wconf 86' lang='lat' dir='ltr'>igitur</span> <span class='ocrx_word' id='word_1_144' title='bbox 1126 2339 1226 2404; x_wconf 89' lang='lat' dir='ltr'>oratio</span> <span class='ocrx_word' id='word_1_145' title='bbox 1251 2343 1308 2404; x_wconf 85' lang='lat' dir='ltr'>tas</span> <span class='ocrx_word' id='word_1_146' title='bbox 1328 2359 1402 2421; x_wconf 90' lang='lat' dir='ltr'>pru-</span> 
     </span>
     <span class='ocr_line' id='line_1_19' title="bbox 251 2444 1403 2529; baseline 0.002 -21"><span class='ocrx_word' id='word_1_147' title='bbox 251 2444 391 2510; x_wconf 90' lang='lat' dir='ltr'>dentiam</span> <span class='ocrx_word' id='word_1_148' title='bbox 430 2464 504 2528; x_wconf 86' lang='lat' dir='ltr'>erga</span> <span class='ocrx_word' id='word_1_149' title='bbox 541 2445 753 2529; x_wconf 83' lang='lat' dir='ltr'>cognitionem</span> <span class='ocrx_word' id='word_1_150' title='bbox 792 2444 843 2509; x_wconf 91' lang='lat' dir='ltr'>dei</span> <span class='ocrx_word' id='word_1_151' title='bbox 880 2448 912 2508; x_wconf 88' lang='lat' dir='ltr'>et</span> <span class='ocrx_word' id='word_1_152' title='bbox 943 2445 1111 2510; x_wconf 86' lang='lat' dir='ltr'>ueritatem</span> <span class='ocrx_word' id='word_1_153' title='bbox 1143 2445 1228 2523; x_wconf 89' lang='lat' dir='ltr'>fidei,</span> <span class='ocrx_word' id='word_1_154' title='bbox 1261 2445 1403 2510; x_wconf 83' lang='lat' dir='ltr'>redoleat</span> 
     </span>
     <span class='ocr_line' id='line_1_20' title="bbox 251 2552 1403 2637; baseline 0.001 -22"><span class='ocrx_word' id='word_1_155' title='bbox 251 2552 501 2634; x_wconf 88' lang='lat' dir='ltr'>temperantiam,</span> <span class='ocrx_word' id='word_1_156' title='bbox 536 2572 630 2634; x_wconf 90' lang='lat' dir='ltr'>quam</span> <span class='ocrx_word' id='word_1_157' title='bbox 663 2553 759 2616; x_wconf 88' lang='lat' dir='ltr'>etiam</span> <span class='ocrx_word' id='word_1_158' title='bbox 788 2570 806 2614; x_wconf 85' lang='lat' dir='ltr'>a</span> <span class='ocrx_word' id='word_1_159' title='bbox 834 2552 1023 2636; x_wconf 83' lang='lat' dir='ltr'>coniugibus</span> <span class='ocrx_word' id='word_1_160' title='bbox 1056 2552 1242 2637; x_wconf 83' lang='lat' dir='ltr'>erigendam</span> <span class='ocrx_word' id='word_1_161' title='bbox 1273 2553 1403 2636; x_wconf 89' lang='lat' dir='ltr'>putauit</span> 
     </span>
     <span class='ocr_line' id='line_1_21' title="bbox 253 2659 1443 2742; baseline -0.002 -20"><span class='ocrx_word' id='word_1_162' title='bbox 253 2661 418 2742; x_wconf 89' lang='lat' dir='ltr'>apostolus</span> <span class='ocrx_word' id='word_1_163' title='bbox 442 2659 566 2724; x_wconf 88' lang='lat' dir='ltr'>dicans:</span> <span class='ocrx_word' id='word_1_164' title='bbox 595 2659 727 2724; x_wconf 86' lang='lat' dir='ltr'>nolite</span> <span class='ocrx_word' id='word_1_165' title='bbox 754 2659 944 2724; x_wconf 85' lang='lat' dir='ltr'>fraudare</span> <span class='ocrx_word' id='word_1_166' title='bbox 973 2660 1164 2738; x_wconf 87' lang='lat' dir='ltr'>inuicem,</span> <span class='ocrx_word' id='word_1_167' title='bbox 1190 2660 1270 2724; x_wconf 92' lang='lat' dir='ltr'>nisi</span> <span class='ocrx_word' id='word_1_168' title='bbox 1293 2660 1401 2725; x_wconf 85' lang='lat' dir='ltr'>forte</span> <span class='ocrx_word' id='word_1_169' title='bbox 1419 2681 1443 2720; x_wconf 79' lang='lat' dir='ltr'>sa</span> 
     </span>
     <span class='ocr_line' id='line_1_22' title="bbox 252 2765 1400 2848; baseline 0.003 -20"><span class='ocrx_word' id='word_1_170' title='bbox 252 2785 295 2829; x_wconf 87' lang='lat' dir='ltr'>er</span> <span class='ocrx_word' id='word_1_171' title='bbox 320 2785 522 2834; x_wconf 85' lang='lat' dir='ltr'>consensu</span> <span class='ocrx_word' id='word_1_172' title='bbox 546 2765 592 2830; x_wconf 89' lang='lat' dir='ltr'>ad</span> <span class='ocrx_word' id='word_1_173' title='bbox 615 2770 792 2848; x_wconf 83' lang='lat' dir='ltr'>tempus,</span> <span class='ocrx_word' id='word_1_174' title='bbox 816 2769 861 2830; x_wconf 94' lang='lat' dir='ltr'>ut</span> <span class='ocrx_word' id='word_1_175' title='bbox 883 2768 1045 2830; x_wconf 82' lang='lat' dir='ltr'>uocatis</span> <span class='ocrx_word' id='word_1_176' title='bbox 1075 2766 1264 2834; x_wconf 88' lang='lat' dir='ltr'>orationi.</span> <span class='ocrx_word' id='word_1_177' title='bbox 1297 2771 1329 2830; x_wconf 85' lang='lat' dir='ltr'>et</span> <span class='ocrx_word' id='word_1_178' title='bbox 1350 2767 1400 2832; x_wconf 85' lang='lat' dir='ltr'>len</span> 
     </span>
    </p>

    <p class='ocr_par' dir='ltr' id='par_1_4' title="bbox 206 2873 1475 3383">
     <span class='ocr_line' id='line_1_23' title="bbox 206 2873 1400 2940; baseline 0.001 -3"><span class='ocrx_word' id='word_1_179' title='bbox 206 2876 208 2879; x_wconf 81' lang='grc'><strong>’</strong></span> <span class='ocrx_word' id='word_1_180' title='bbox 250 2873 444 2938; x_wconf 88' lang='lat' dir='ltr'>castificatos</span> <span class='ocrx_word' id='word_1_181' title='bbox 468 2877 540 2936; x_wconf 87' lang='lat' dir='ltr'>anta</span> <span class='ocrx_word' id='word_1_182' title='bbox 563 2873 748 2938; x_wconf 87' lang='lat' dir='ltr'>hesternum</span> <span class='ocrx_word' id='word_1_183' title='bbox 772 2876 806 2936; x_wconf 91' lang='lat' dir='ltr'>et</span> <span class='ocrx_word' id='word_1_184' title='bbox 828 2873 1118 2938; x_wconf 88' lang='lat' dir='ltr'>nudiustertianum</span> <span class='ocrx_word' id='word_1_185' title='bbox 1142 2873 1227 2938; x_wconf 90' lang='lat' dir='ltr'>diem</span> <span class='ocrx_word' id='word_1_186' title='bbox 1246 2873 1286 2938; x_wconf 90' lang='lat' dir='ltr'>ad</span> <span class='ocrx_word' id='word_1_187' title='bbox 1305 2875 1400 2940; x_wconf 85' lang='lat' dir='ltr'>ascri-</span> 
     </span>
     <span class='ocr_line' id='line_1_24' title="bbox 250 2978 1475 3058; baseline -0.002 -17"><span class='ocrx_word' id='word_1_188' title='bbox 250 2978 359 3042; x_wconf 89' lang='lat' dir='ltr'>ficium</span> <span class='ocrx_word' id='word_1_189' title='bbox 392 2979 539 3044; x_wconf 88' lang='lat' dir='ltr'>accedere</span> <span class='ocrx_word' id='word_1_190' title='bbox 568 2979 669 3045; x_wconf 88' lang='lat' dir='ltr'>iubet.</span> <span class='ocrx_word' id='word_1_191' title='bbox 706 2979 925 3044; x_wconf 87' lang='lat' dir='ltr'>fortitudinem</span> <span class='ocrx_word' id='word_1_192' title='bbox 957 2982 1065 3044; x_wconf 88' lang='lat' dir='ltr'>teneat</span> <span class='ocrx_word' id='word_1_193' title='bbox 1097 2979 1208 3058; x_wconf 90' lang='lat' dir='ltr'>oratio,</span> <span class='ocrx_word' id='word_1_194' title='bbox 1241 2983 1279 3044; x_wconf 89' lang='lat' dir='ltr'>ut</span> <span class='ocrx_word' id='word_1_195' title='bbox 1311 2982 1398 3045; x_wconf 90' lang='lat' dir='ltr'>nullo</span> <span class='ocrx_word' id='word_1_196' title='bbox 1456 2987 1475 3039; x_wconf 83' lang='grc' dir='ltr'><strong>Β</strong></span> 
     </span>
     <span class='ocr_line' id='line_1_25' title="bbox 250 3084 1400 3168; baseline 0.004 -21"><span class='ocrx_word' id='word_1_197' title='bbox 250 3084 459 3168; x_wconf 88' lang='lat' dir='ltr'>interpoletur</span> <span class='ocrx_word' id='word_1_198' title='bbox 488 3089 585 3164; x_wconf 89' lang='lat' dir='ltr'>metu,</span> <span class='ocrx_word' id='word_1_199' title='bbox 610 3085 697 3149; x_wconf 89' lang='lat' dir='ltr'>nulla</span> <span class='ocrx_word' id='word_1_200' title='bbox 719 3085 908 3150; x_wconf 86' lang='lat' dir='ltr'>lassitudine</span> <span class='ocrx_word' id='word_1_201' title='bbox 933 3085 1073 3162; x_wconf 83' lang='lat' dir='ltr'>deficiat3</span> <span class='ocrx_word' id='word_1_202' title='bbox 1098 3089 1173 3150; x_wconf 87' lang='lat' dir='ltr'>tunc</span> <span class='ocrx_word' id='word_1_203' title='bbox 1197 3087 1280 3150; x_wconf 91' lang='lat' dir='ltr'>enim</span> <span class='ocrx_word' id='word_1_204' title='bbox 1306 3087 1400 3152; x_wconf 89' lang='lat' dir='ltr'>debet</span> 
     </span>
     <span class='ocr_line' id='line_1_26' title="bbox 249 3191 1442 3277; baseline -0.002 -23"><span class='ocrx_word' id='word_1_205' title='bbox 249 3209 323 3254; x_wconf 85' lang='lat' dir='ltr'>osse</span> <span class='ocrx_word' id='word_1_206' title='bbox 345 3191 478 3255; x_wconf 89' lang='lat' dir='ltr'>intentio</span> <span class='ocrx_word' id='word_1_207' title='bbox 501 3191 539 3254; x_wconf 89' lang='lat' dir='ltr'>ad</span> <span class='ocrx_word' id='word_1_208' title='bbox 558 3192 751 3273; x_wconf 88' lang='lat' dir='ltr'>precandum</span> <span class='ocrx_word' id='word_1_209' title='bbox 769 3193 940 3268; x_wconf 83' lang='lat' dir='ltr'>robustior,</span> <span class='ocrx_word' id='word_1_210' title='bbox 960 3213 1033 3257; x_wconf 91' lang='lat' dir='ltr'>cum</span> <span class='ocrx_word' id='word_1_211' title='bbox 1052 3213 1226 3277; x_wconf 88' lang='lat' dir='ltr'>urguemur</span> <span class='ocrx_word' id='word_1_212' title='bbox 1244 3193 1398 3258; x_wconf 88' lang='lat' dir='ltr'>aduersis.</span> <span class='ocrx_word' id='word_1_213' title='bbox 1418 3212 1442 3252; x_wconf 71' lang='grc' dir='ltr'>ιι</span> 
     </span>
     <span class='ocr_line' id='line_1_27' title="bbox 251 3297 1399 3383; baseline 0.005 -24"><span class='ocrx_word' id='word_1_214' title='bbox 251 3297 408 3362; x_wconf 89' lang='lat' dir='ltr'>iustitiam</span> <span class='ocrx_word' id='word_1_215' title='bbox 432 3298 592 3363; x_wconf 91' lang='lat' dir='ltr'>custodiat</span> <span class='ocrx_word' id='word_1_216' title='bbox 614 3301 765 3383; x_wconf 90' lang='lat' dir='ltr'>precatio,</span> <span class='ocrx_word' id='word_1_217' title='bbox 791 3319 884 3382; x_wconf 87' lang='lat' dir='ltr'>quarn</span> <span class='ocrx_word' id='word_1_218' title='bbox 909 3301 937 3364; x_wconf 92' lang='lat' dir='ltr'>si</span> <span class='ocrx_word' id='word_1_219' title='bbox 961 3300 1119 3365; x_wconf 85' lang='lat' dir='ltr'>tenuisset</span> <span class='ocrx_word' id='word_1_220' title='bbox 1141 3301 1248 3378; x_wconf 90' lang='lat' dir='ltr'>Iudas,</span> <span class='ocrx_word' id='word_1_221' title='bbox 1281 3320 1343 3365; x_wconf 94' lang='lat' dir='ltr'>non</span> <span class='ocrx_word' id='word_1_222' title='bbox 1366 3301 1399 3365; x_wconf 91' lang='lat' dir='ltr'>in</span> 
     </span>
    </p>
   </div>
   <div class='ocr_carea' id='block_1_3' title="bbox 248 3557 1399 3808">
    <p class='ocr_par' dir='ltr' id='par_1_5' title="bbox 248 3557 1399 3808">
     <span class='ocr_line' id='line_1_28' title="bbox 341 3557 1398 3628; baseline 0.002 -16"><span class='ocrx_word' id='word_1_223' title='bbox 341 3559 357 3611; x_wconf 86' lang='lat'><strong>2</strong></span> <span class='ocrx_word' id='word_1_224' title='bbox 375 3557 441 3612; x_wconf 93' lang='lat' dir='ltr'>Luc.</span> <span class='ocrx_word' id='word_1_225' title='bbox 461 3559 505 3623; x_wconf 84' lang='lat'>24,</span> <span class='ocrx_word' id='word_1_226' title='bbox 523 3560 559 3612; x_wconf 87' lang='grc'>42</span> <span class='ocrx_word' id='word_1_227' title='bbox 579 3576 618 3628; x_wconf 90' lang='lat' dir='ltr'>sq.</span> <span class='ocrx_word' id='word_1_228' title='bbox 701 3562 717 3614; x_wconf 83' lang='lat'>5</span> <span class='ocrx_word' id='word_1_229' title='bbox 736 3559 816 3612; x_wconf 89' lang='lat' dir='ltr'>Philo</span> <span class='ocrx_word' id='word_1_230' title='bbox 836 3559 869 3613; x_wconf 85' lang='lat' dir='ltr'>da</span> <span class='ocrx_word' id='word_1_231' title='bbox 889 3576 956 3614; x_wconf 84' lang='lat' dir='ltr'>sacr.</span> <span class='ocrx_word' id='word_1_232' title='bbox 976 3561 1011 3614; x_wconf 84' lang='lat'>24</span> <span class='ocrx_word' id='word_1_233' title='bbox 1027 3561 1099 3626; x_wconf 84' lang='grc'><strong>(119,</strong></span> <span class='ocrx_word' id='word_1_234' title='bbox 1121 3559 1199 3625; x_wconf 80' lang='lat'><em>1731</em></span> <span class='ocrx_word' id='word_1_235' title='bbox 1219 3561 1280 3624; x_wconf 87' lang='grc'><strong>235,</strong></span> <span class='ocrx_word' id='word_1_236' title='bbox 1302 3562 1334 3615; x_wconf 83' lang='grc'>14</span> <span class='ocrx_word' id='word_1_237' title='bbox 1357 3561 1398 3628; x_wconf 86' lang='lat' dir='ltr'>C.)</span> 
     </span>
     <span class='ocr_line' id='line_1_29' title="bbox 248 3645 1399 3718; baseline 0.005 -20"><span class='ocrx_word' id='word_1_238' title='bbox 248 3646 267 3698; x_wconf 92' lang='grc'><strong>9</strong></span> <span class='ocrx_word' id='word_1_239' title='bbox 286 3645 375 3700; x_wconf 84' lang='lat' dir='ltr'>Leuit.</span> <span class='ocrx_word' id='word_1_240' title='bbox 396 3648 421 3714; x_wconf 93' lang='lat'>1,</span> <span class='ocrx_word' id='word_1_241' title='bbox 440 3649 456 3701; x_wconf 87' lang='grc'><strong>6</strong></span> <span class='ocrx_word' id='word_1_242' title='bbox 474 3647 554 3701; x_wconf 91' lang='lat' dir='ltr'>Philo</span> <span class='ocrx_word' id='word_1_243' title='bbox 575 3647 608 3701; x_wconf 85' lang='lat' dir='ltr'>de</span> <span class='ocrx_word' id='word_1_244' title='bbox 627 3664 694 3702; x_wconf 90' lang='lat' dir='ltr'>sacr.</span> <span class='ocrx_word' id='word_1_245' title='bbox 713 3649 748 3702; x_wconf 78' lang='lat'>25</span> <span class='ocrx_word' id='word_1_246' title='bbox 768 3649 842 3716; x_wconf 80' lang='lat'>(179,</span> <span class='ocrx_word' id='word_1_247' title='bbox 860 3650 908 3712; x_wconf 83' lang='grc'>31;</span> <span class='ocrx_word' id='word_1_248' title='bbox 927 3649 942 3703; x_wconf 93' lang='grc' dir='ltr'>Ι</span> <span class='ocrx_word' id='word_1_249' title='bbox 961 3650 1021 3713; x_wconf 89' lang='grc'><strong>236,</strong></span> <span class='ocrx_word' id='word_1_250' title='bbox 1044 3651 1076 3704; x_wconf 90' lang='grc'>13</span> <span class='ocrx_word' id='word_1_251' title='bbox 1097 3650 1138 3718; x_wconf 77' lang='grc'>0.)</span> <span class='ocrx_word' id='word_1_252' title='bbox 1215 3651 1248 3704; x_wconf 83' lang='grc'>14</span> <span class='ocrx_word' id='word_1_253' title='bbox 1266 3649 1344 3704; x_wconf 88' lang='lat' dir='ltr'>Philo</span> <span class='ocrx_word' id='word_1_254' title='bbox 1365 3649 1399 3704; x_wconf 83' lang='lat' dir='ltr'>da</span> 
     </span>
     <span class='ocr_line' id='line_1_30' title="bbox 249 3734 1397 3808; baseline 0.003 -22"><span class='ocrx_word' id='word_1_255' title='bbox 249 3749 317 3788; x_wconf 86' lang='lat' dir='ltr'>sacr.</span> <span class='ocrx_word' id='word_1_256' title='bbox 338 3736 371 3789; x_wconf 88' lang='grc'>25</span> <span class='ocrx_word' id='word_1_257' title='bbox 392 3735 463 3800; x_wconf 83' lang='grc'><strong>(119,</strong></span> <span class='ocrx_word' id='word_1_258' title='bbox 483 3734 744 3805; x_wconf 80' lang='grc' dir='ltr'>41;Ι237,60.)</span> <span class='ocrx_word' id='word_1_259' title='bbox 800 3737 1028 3806; x_wconf 63' lang='lat' dir='ltr'>santonus</span> <span class='ocrx_word' id='word_1_260' title='bbox 1083 3739 1116 3792; x_wconf 82' lang='lat'>21</span> <span class='ocrx_word' id='word_1_261' title='bbox 1136 3737 1221 3792; x_wconf 84' lang='lat' dir='ltr'>Erod.</span> <span class='ocrx_word' id='word_1_262' title='bbox 1242 3739 1283 3802; x_wconf 87' lang='grc'><strong>19,</strong></span> <span class='ocrx_word' id='word_1_263' title='bbox 1305 3738 1338 3793; x_wconf 88' lang='grc'>10</span> <span class='ocrx_word' id='word_1_264' title='bbox 1358 3755 1397 3808; x_wconf 82' lang='lat' dir='ltr'>sq.</span> 
     </span>
    </p>
   </div>
   <div class='ocr_carea' id='block_1_4' title="bbox 246 3894 1397 4407">
    <p class='ocr_par' dir='ltr' id='par_1_6' title="bbox 246 3894 1397 4407">
     <span class='ocr_line' id='line_1_31' title="bbox 286 3894 1396 3966; baseline 0.005 -20"><span class='ocrx_word' id='word_1_265' title='bbox 286 3894 392 3946; x_wconf 81' lang='lat' dir='ltr'>lsuim</span> <span class='ocrx_word' id='word_1_266' title='bbox 411 3911 462 3948; x_wconf 90' lang='lat' dir='ltr'>om.</span> <span class='ocrx_word' id='word_1_267' title='bbox 488 3895 513 3947; x_wconf 86' lang='lat' dir='ltr'><strong><em>V</em></strong></span> <span class='ocrx_word' id='word_1_268' title='bbox 583 3898 781 3958; x_wconf 77' lang='lat' dir='ltr'>euim&lt;ra&gt;ed</span> <span class='ocrx_word' id='word_1_269' title='bbox 802 3897 891 3964; x_wconf 68' lang='lat' dir='ltr'>Rom,</span> <span class='ocrx_word' id='word_1_270' title='bbox 905 3899 974 3966; x_wconf 85' lang='lat' dir='ltr'>sort.</span> <span class='ocrx_word' id='word_1_271' title='bbox 996 3898 1218 3952; x_wconf 63' lang='lat' dir='ltr'>enim&lt;actiones</span> <span class='ocrx_word' id='word_1_272' title='bbox 1285 3898 1396 3952; x_wconf 87' lang='lat' dir='ltr'>80bla·</span> 
     </span>
     <span class='ocr_line' id='line_1_32' title="bbox 246 3982 1396 4057; baseline 0.006 -24"><span class='ocrx_word' id='word_1_273' title='bbox 246 3982 323 4034; x_wconf 83' lang='lat' dir='ltr'>tione</span> <span class='ocrx_word' id='word_1_274' title='bbox 344 3987 425 4051; x_wconf 86' lang='lat' dir='ltr'>atque</span> <span class='ocrx_word' id='word_1_275' title='bbox 445 3985 567 4038; x_wconf 84' lang='lat' dir='ltr'>oratione</span> <span class='ocrx_word' id='word_1_276' title='bbox 586 3985 613 4037; x_wconf 90' lang='lat' dir='ltr'><em>B</em></span> <span class='ocrx_word' id='word_1_277' title='bbox 722 3988 753 4040; x_wconf 93' lang='grc'>11</span> <span class='ocrx_word' id='word_1_278' title='bbox 775 3991 857 4055; x_wconf 87' lang='lat' dir='ltr'>atque</span> <span class='ocrx_word' id='word_1_279' title='bbox 876 3986 953 4040; x_wconf 82' lang='lat' dir='ltr'>MM¹</span> <span class='ocrx_word' id='word_1_280' title='bbox 974 4003 1042 4055; x_wconf 85' lang='lat' dir='ltr'>aquo</span> <span class='ocrx_word' id='word_1_281' title='bbox 1063 3991 1155 4057; x_wconf 68' lang='lat' dir='ltr'>(aque)</span> <span class='ocrx_word' id='word_1_282' title='bbox 1176 3992 1223 4041; x_wconf 85' lang='lat' dir='ltr'>eet.</span> <span class='ocrx_word' id='word_1_283' title='bbox 1243 3987 1334 4055; x_wconf 86' lang='lat' dir='ltr'>aliquo</span> <span class='ocrx_word' id='word_1_284' title='bbox 1354 3987 1396 4040; x_wconf 82' lang='lat' dir='ltr'>ed.</span> 
     </span>
     <span class='ocr_line' id='line_1_33' title="bbox 247 4069 1397 4144; baseline 0.003 -20"><span class='ocrx_word' id='word_1_285' title='bbox 247 4069 327 4124; x_wconf 83' lang='lat' dir='ltr'>Rom.</span> <span class='ocrx_word' id='word_1_286' title='bbox 393 4073 426 4126; x_wconf 81' lang='lat'>15</span> <span class='ocrx_word' id='word_1_287' title='bbox 446 4071 603 4126; x_wconf 87' lang='lat' dir='ltr'>diuidantnr</span> <span class='ocrx_word' id='word_1_288' title='bbox 621 4074 658 4126; x_wconf 80' lang='lat' dir='ltr'><em>M</em></span> <span class='ocrx_word' id='word_1_289' title='bbox 718 4076 750 4127; x_wconf 93' lang='grc'><strong>19</strong></span> <span class='ocrx_word' id='word_1_290' title='bbox 770 4092 786 4127; x_wconf 90' lang='lat' dir='ltr'>a</span> <span class='ocrx_word' id='word_1_291' title='bbox 805 4091 856 4130; x_wconf 85' lang='lat' dir='ltr'>om.</span> <span class='ocrx_word' id='word_1_292' title='bbox 876 4073 1038 4128; x_wconf 79' lang='lat' dir='ltr'><strong><em>BM‘PP‘V</em></strong></span> <span class='ocrx_word' id='word_1_293' title='bbox 1099 4076 1133 4129; x_wconf 83' lang='grc'>25</span> <span class='ocrx_word' id='word_1_294' title='bbox 1151 4074 1286 4144; x_wconf 81' lang='lat' dir='ltr'>pcandum</span> <span class='ocrx_word' id='word_1_295' title='bbox 1304 4074 1397 4128; x_wconf 53' lang='grc' dir='ltr'>ΔΜΒ</span> 
     </span>
     <span class='ocr_line' id='line_1_34' title="bbox 247 4159 1395 4233; baseline 0.004 -21"><span class='ocrx_word' id='word_1_296' title='bbox 247 4159 361 4214; x_wconf 69' lang='lat' dir='ltr'>armac.</span> <span class='ocrx_word' id='word_1_297' title='bbox 382 4163 480 4214; x_wconf 82' lang='grc'><strong>14399</strong></span> <span class='ocrx_word' id='word_1_298' title='bbox 502 4161 620 4216; x_wconf 83' lang='lat' dir='ltr'>Uindob.</span> <span class='ocrx_word' id='word_1_299' title='bbox 643 4166 701 4216; x_wconf 84' lang='grc'>758</span> <span class='ocrx_word' id='word_1_300' title='bbox 719 4162 930 4232; x_wconf 86' lang='lat' dir='ltr'>praedicandum</span> <span class='ocrx_word' id='word_1_301' title='bbox 945 4169 992 4217; x_wconf 85' lang='lat' dir='ltr'>cet.</span> <span class='ocrx_word' id='word_1_302' title='bbox 1048 4179 1176 4233; x_wconf 88' lang='lat' dir='ltr'>urgemur</span> <span class='ocrx_word' id='word_1_303' title='bbox 1189 4164 1244 4217; x_wconf 88' lang='lat' dir='ltr'>AB</span> <span class='ocrx_word' id='word_1_304' title='bbox 1259 4171 1283 4217; x_wconf 83' lang='lat' dir='ltr'>et</span> <span class='ocrx_word' id='word_1_305' title='bbox 1297 4169 1338 4218; x_wconf 81' lang='lat' dir='ltr'>nal</span> <span class='ocrx_word' id='word_1_306' title='bbox 1351 4164 1395 4217; x_wconf 76' lang='grc' dir='ltr'>Μ’</span> 
     </span>
     <span class='ocr_line' id='line_1_35' title="bbox 246 4251 1394 4320; baseline 0.006 -22"><span class='ocrx_word' id='word_1_307' title='bbox 246 4251 379 4314; x_wconf 88' lang='lat' dir='ltr'>urguetur</span> <span class='ocrx_word' id='word_1_308' title='bbox 396 4251 424 4302; x_wconf 94' lang='lat' dir='ltr'><strong><em>P</em></strong></span> <span class='ocrx_word' id='word_1_309' title='bbox 440 4254 553 4318; x_wconf 83' lang='lat' dir='ltr'>urgetur</span> <span class='ocrx_word' id='word_1_310' title='bbox 575 4251 640 4304; x_wconf 81' lang='lat' dir='ltr'>Pet</span> <span class='ocrx_word' id='word_1_311' title='bbox 657 4255 705 4304; x_wconf 82' lang='lat' dir='ltr'>m2</span> <span class='ocrx_word' id='word_1_312' title='bbox 723 4251 765 4304; x_wconf 71' lang='grc' dir='ltr'>Μ’</span> <span class='ocrx_word' id='word_1_313' title='bbox 820 4253 854 4306; x_wconf 85' lang='grc'>26</span> <span class='ocrx_word' id='word_1_314' title='bbox 874 4251 964 4320; x_wconf 83' lang='lat' dir='ltr'>poatio</span> <span class='ocrx_word' id='word_1_315' title='bbox 983 4252 1048 4304; x_wconf 75' lang='lat' dir='ltr'>AA‘</span> <span class='ocrx_word' id='word_1_316' title='bbox 1071 4251 1189 4306; x_wconf 81' lang='lat' dir='ltr'>Uindob.</span> <span class='ocrx_word' id='word_1_317' title='bbox 1208 4256 1267 4306; x_wconf 81' lang='lat'>758</span> <span class='ocrx_word' id='word_1_318' title='bbox 1280 4252 1394 4308; x_wconf 73' lang='lat' dir='ltr'>Mortuo.</span> 
     </span>
     <span class='ocr_line' id='line_1_36' title="bbox 248 4335 818 4407; baseline 0.014 -22"><span class='ocrx_word' id='word_1_319' title='bbox 248 4337 345 4389; x_wconf 77' lang='grc'><strong>14399</strong></span> <span class='ocrx_word' id='word_1_320' title='bbox 364 4335 518 4406; x_wconf 86' lang='lat' dir='ltr'>deprecatio</span> <span class='ocrx_word' id='word_1_321' title='bbox 537 4338 565 4391; x_wconf 92' lang='lat' dir='ltr'><em>B</em></span> <span class='ocrx_word' id='word_1_322' title='bbox 582 4337 749 4407; x_wconf 83' lang='lat' dir='ltr'>praedicatio</span> <span class='ocrx_word' id='word_1_323' title='bbox 770 4346 818 4393; x_wconf 84' lang='lat' dir='ltr'>cet.</span> 
     </span>
    </p>
   </div>
   <div class='ocr_carea' id='block_1_5' title="bbox 0 0 1576 4967">
    <p class='ocr_par' dir='ltr' id='par_1_7' title="bbox 0 0 1576 4967">
     <span class='ocr_line' id='line_1_37' title="bbox 0 0 1576 4967; baseline 0 3"><span class='ocrx_word' id='word_1_324' title='bbox 0 0 1576 4967; x_wconf 95' lang='lat' dir='ltr'> </span> 
     </span>
    </p>
   </div>
  </div>
 </body>
</html>
