3142 4967
387 431 428 483 De
449 428 514 484 Cain
536 432 566 483 et
583 427 653 482 Abel
670 427 699 482 II
717 429 742 490 2,
763 429 778 481 7
818 429 842 492 (1
858 425 1034 480 eote-208
1055 427 1097 494 Ε).
1270 431 1335 494 383

188 626 315 711 legitur.
341 629 374 690 et
395 628 500 690 tamen
524 624 657 688 Leuitae
675 625 879 708 primogeniti
900 623 1083 706 nuncupati,
1104 623 1220 706 quibus
1241 623 1279 686 ab
1300 643 1336 687 eo

188 753 300 799 nomen
325 736 376 796 est
398 731 588 796 deriuatum.
617 732 772 814 scriptum
802 735 852 795 est
880 730 962 795 enim
991 730 1022 794 in
1051 729 1216 796 Numeris:
1250 749 1335 794 ecce

188 841 261 904 tuli
297 840 454 905 Leuitaa
493 838 535 902 de
572 837 694 902 medio
726 837 899 902 liliorum
933 837 1099 902 Istrahel
1131 856 1195 920 pro
1238 835 1335 901 omni

188 946 460 1030 primogenito,
494 945 557 1028 qui
578 945 717 1027 'aperit
748 946 903 1009 uuluam
927 964 945 1008 a
968 943 1068 1008 liliis
1093 943 1274 1024 Istrahel,
1300 945 1337 1006 et

158 1057 300 1118 serunt
335 1052 429 1116 mihi
464 1052 645 1126 Leuitae;
683 1051 776 1115 milri
815 1050 910 1114 enim
949 1069 1053 1115 omne
1085 1049 1334 1134 primitiuurn.

187 1159 222 1224 in
261 1179 334 1242 qua
370 1159 429 1224 die
466 1158 640 1242 percussi
681 1177 784 1222 omne
822 1157 1118 1241 primogenitum
1155 1155 1379 1240 Aegypti,c

188 1266 433 1333 sanctificari
458 1285 563 1330 omne
585 1265 881 1348 primogenitum
906 1263 1083 1329 Istrahel.
1108 1283 1182 1348 ergo
1203 1263 1334 1327 Leuitae

185 1371 390 1456 primogeniti
409 1372 593 1456 nuncupati,
613 1372 668 1454 qui
683 1371 932 1436 sanctificatione
948 1370 1058 1452 utique
1074 1370 1185 1435 ceteris
1200 1369 1336 1434 Istrahel

185 1479 260 1542 filiis
289 1479 419 1544 antelati
447 1482 532 1544 sunt.
565 1499 628 1561 qua
659 1479 780 1544 ratione
813 1478 1014 1563 primogeniti
1048 1477 1121 1542 audi
1153 1477 1333 1558 apostolum

145 1587 359 1650 indicentem:
390 1585 454 1650 sed
484 1586 821 1669 adpropinquantis
851 1583 937 1650 Sion
966 1585 1085 1650 monti
1114 1586 1150 1648 et
1178 1583 1333 1648 ciuitati

187 1692 246 1757 dei
280 1692 364 1756 uiui
400 1691 657 1770 Hierusalem,
696 1712 790 1775 quae
823 1693 857 1756 in
891 1693 995 1757 caelo
1030 1694 1102 1770 est,
1137 1694 1175 1755 et
1208 1689 1334 1754 decem

186 1799 347 1863 milibus
374 1799 604 1864 laetantium
634 1801 852 1882 angelorum
882 1801 918 1862 et
941 1797 1187 1863 ecclesiarum
1211 1797 1333 1879 primi-

185 1905 363 1983 tiuornm,
398 1925 491 1987 qnae
524 1905 669 1989 scripta
702 1910 790 1970 sunt
822 1906 856 1969 in
891 1906 1003 1971 caelo.
1036 1907 1186 1986 quattuor
1209 1903 1334 1968 ordines

186 2011 273 2093 feeit,
288 2013 406 2077 montis
422 2011 509 2089 Sion,
529 2012 671 2078 ciuitatis
689 2013 904 2090 Hierusalem,
925 2011 1119 2077 celebritatis
1139 2010 1334 2094 angelorum,

145 2117 394 2183 aecclesiarum
417 2118 662 2202 primitiuarum.
695 2119 772 2184 tulit
795 2137 869 2203 ergo
894 2119 1041 2184 dominus
1066 2117 1144 2182 deus
1169 2117 1206 2181 de
1229 2116 1334 2182 medio
1353 2119 1377 2172 D

184 2225 296 2308 populi
319 2225 456 2290 Istrahel
483 2225 622 2304 Leuitas‚
655 2225 729 2308 quia
759 2245 823 2290 non
855 2226 1061 2290 humanarum
1095 2243 1149 2302 eos
1173 2227 1334 2288 consortes

184 2331 290 2398 uoluit
307 2351 377 2396 esse
396 2350 553 2409 curarum,
573 2331 630 2397 sed
649 2331 775 2396 diuinae
792 2331 955 2416 religionis
974 2331 1148 2410 ministros,
1168 2333 1201 2393 et
1218 2330 1334 2413 prirno-

185 2439 310 2522 gcnitos
334 2438 396 2503 sibi
419 2438 497 2503 fecit
520 2439 575 2522 qui
598 2438 730 2504 uuluam
753 2439 899 2519 aperiunt
923 2438 1098 2522 spiritalem
1122 2439 1154 2501 et
1176 2437 1247 2501 ideo
1271 2457 1332 2501 non

184 2546 273 2608 erant
296 2545 334 2608 ab
358 2547 449 2609 utero
473 2548 603 2609 naturae
627 2544 713 2610 sicut
735 2544 934 2610 diuersorum
955 2545 1121 2609 criminum
1139 2545 1332 2625 peccatores,

143 2671 167 2709 so
185 2650 240 2716 sed
268 2650 431 2716 destrictis
459 2651 676 2716 saecularibus
705 2652 876 2736 eliguntur.
905 2651 989 2716 unde
1016 2671 1077 2717 non
1110 2650 1228 2714 habent
1260 2667 1331 2712 cum

184 2757 309 2840 plebeia
345 2759 549 2839 possessione
587 2759 783 2824 consortium
820 2777 877 2823 nec
915 2757 947 2822 in
981 2758 1085 2822 medio
1118 2756 1228 2840 populi
1261 2776 1332 2822 con-

183 2867 347 2947 putantur,
384 2864 459 2946 quia
495 2865 628 2930 uerbum
666 2866 716 2930 dei
754 2866 785 2930 in
819 2865 924 2930 medio
958 2865 1009 2930 sui
1040 2864 1213 2948 possident,
1247 2863 1377 2927 sicutE

185 2971 340 3055 scriptum
364 2971 469 3035 estin
493 2971 675 3055 euangelio:
700 2972 764 3038 ubi
790 2976 879 3037 sunt
902 2972 972 3037 duo
996 2974 1059 3038 uel
1082 2975 1161 3036 tres
1182 2988 1331 3054 congre-

184 3079 264 3161 gati
296 3078 331 3142 in
360 3078 507 3142 nomine
534 3097 625 3156 meo,
655 3079 708 3143 ibi
737 3098 805 3163 ego
836 3099 916 3146 sum
939 3079 976 3144 in
999 3079 1120 3145 medio
1150 3097 1275 3145 eorum
1300 3079 1332 3140 et

141 3204 166 3246 aa
185 3185 276 3248 alibi:
302 3184 449 3249 medius
473 3187 643 3249 uestrum
668 3188 746 3250 stat
769 3205 876 3269 quem
900 3205 967 3253 uos
992 3186 1163 3252 nescitis.

272 3500 289 3552 2
307 3498 388 3552 Num.
407 3501 433 3563 3,
454 3500 487 3553 12
502 3517 542 3569 sq.
556 3499 636 3552 Philo
652 3498 685 3552 de
699 3517 765 3552 sacr.
781 3501 816 3554 36
831 3499 903 3568 (186,
918 3501 964 3562 26;
979 3499 993 3552 Ι
1007 3500 1068 3564 2110,
1084 3499 1100 3552 2
1118 3499 1158 3566 0.)
1200 3501 1231 3553 10
1246 3500 1328 3555 Hebr.

185 3589 225 3650 12,
244 3588 280 3640 22
299 3603 339 3657 sq.
396 3589 430 3641 23
448 3589 548 3642 Matth.
570 3587 612 3652 18,
631 3589 665 3641 20
721 3589 832 3642 251011.
854 3589 877 3654 I,
898 3589 932 3642 26

218 3798 249 3850 ll
269 3796 467 3852 hierusalem..
481 3841 485 3850 .
497 3798 598 3868 scripta
617 3803 681 3852 sunt
699 3815 750 3853 om.
769 3799 795 3850 V
850 3801 881 3852 12
902 3805 927 3852 et
948 3801 979 3854 15
998 3797 1169 3853 accedendum
1190 3815 1245 3852 ease
1257 3805 1328 3867 proto

181 3887 311 3940 ecclesiae
337 3887 545 3958 primitiuomm,
571 3890 606 3956 cf.
632 3889 724 3956 Epist.
750 3890 898 3944 XXXIII
922 3893 938 3941 4
1041 3891 1072 3942 15
1099 3889 1269 3942 ecclesiarum
1298 3889 1330 3940 II

181 3976 322 4030 eeclesiam
339 3975 367 4030 A
387 3980 415 4030 et
434 3977 575 4031 ecclesiam
589 3977 625 4030 A¹
640 3982 669 4030 et
683 3978 855 4032 ecclesiarum
871 3983 918 4032 cet.
958 3979 989 4031 16
1005 3977 1105 4030 israhel
1120 3977 1160 4029 Μ’
1174 3977 1255 4030 israel
1268 3977 1328 4030 PP

178 4064 231 4117 isrl
248 4065 313 4128 BV,
332 4081 384 4122 orn.
403 4065 503 4119 Mam
550 4067 582 4120 19
602 4068 680 4120 erant
693 4066 727 4119 Ρ
742 4071 833 4121 errant
852 4073 898 4120 cet.
945 4067 979 4120 20
995 4065 1131 4119 destrictis
1146 4065 1328 4119 saecularibus

179 4155 278 4222 scrupea*
296 4153 443 4208 destructis
462 4154 645 4208 saecularibus
664 4155 691 4208 A
710 4155 909 4210 Laudaneuais
932 4163 956 4209 et
979 4155 1135 4210 Uaticanus
1154 4156 1224 4208 alter
1242 4155 1328 4208 dIau·

179 4244 306 4296 rimorum
329 4242 476 4298 destructis
501 4245 535 4312 (is
559 4261 592 4298 esc
614 4244 662 4313 ib')
686 4245 869 4298 saecularibus
888 4244 923 4298 A'
944 4244 1075 4298 destructi
1094 4243 1276 4298 saecularibus
1294 4245 1331 4298 M

180 4329 327 4384 destructis
347 4333 423 4396 (tria
444 4333 496 4399 Μ’)
516 4349 545 4386 se
565 4333 714 4386 cultoribus
733 4333 840 4387 RM‘P‘
846 4333 872 4386 V
888 4333 1034 4387 destructis
1054 4333 1203 4388 cultoribus
1222 4333 1249 4386 P
