<?xml version="1.0" encoding="UTF-8"?>
<!DOCTYPE html PUBLIC "-//W3C//DTD XHTML 1.0 Transitional//EN"
    "http://www.w3.org/TR/xhtml1/DTD/xhtml1-transitional.dtd">
<html xmlns="http://www.w3.org/1999/xhtml" xml:lang="en" lang="en">
 <head>
  <title>
</title>
<meta http-equiv="Content-Type" content="text/html;charset=utf-8" />
  <meta name='ocr-system' content='tesseract 3.04.00' />
  <meta name='ocr-capabilities' content='ocr_page ocr_carea ocr_par ocr_line ocrx_word'/>
</head>
<body>
  <div class='ocr_page' id='page_1' title='image "./corpusscriptoru00wissgoog_0389.png"; bbox 0 0 3142 4967; ppageno 0'>
   <div class='ocr_carea' id='block_1_1' title="bbox 348 479 1311 548">
    <p class='ocr_par' dir='ltr' id='par_1_1' title="bbox 348 479 1311 548">
     <span class='ocr_line' id='line_1_1' title="bbox 348 479 1311 548; baseline -0.001 -12"><span class='ocrx_word' id='word_1_1' title='bbox 348 482 389 536; x_wconf 90' lang='lat' dir='ltr'><strong>De</strong></span> <span class='ocrx_word' id='word_1_2' title='bbox 408 479 473 536; x_wconf 84' lang='lat' dir='ltr'><strong>Cain</strong></span> <span class='ocrx_word' id='word_1_3' title='bbox 494 484 522 534; x_wconf 85' lang='lat' dir='ltr'><strong>et</strong></span> <span class='ocrx_word' id='word_1_4' title='bbox 540 481 610 535; x_wconf 83' lang='lat' dir='ltr'>Abel</span> <span class='ocrx_word' id='word_1_5' title='bbox 628 481 656 534; x_wconf 91' lang='lat'><strong>11</strong></span> <span class='ocrx_word' id='word_1_6' title='bbox 676 482 700 542; x_wconf 88' lang='grc'><strong>1,</strong></span> <span class='ocrx_word' id='word_1_7' title='bbox 718 483 790 535; x_wconf 85' lang='grc'><strong>4-6</strong></span> <span class='ocrx_word' id='word_1_8' title='bbox 828 479 852 546; x_wconf 95' lang='grc' dir='ltr'><strong>(Ι</strong></span> <span class='ocrx_word' id='word_1_9' title='bbox 872 480 924 534; x_wconf 84' lang='lat'><strong>206</strong></span> <span class='ocrx_word' id='word_1_10' title='bbox 943 479 1057 534; x_wconf 75' lang='lat' dir='ltr'><strong>D-uor</strong></span> <span class='ocrx_word' id='word_1_11' title='bbox 1077 480 1123 546; x_wconf 91' lang='lat' dir='ltr'><strong>D).</strong></span> <span class='ocrx_word' id='word_1_12' title='bbox 1250 483 1311 548; x_wconf 85' lang='lat'><strong>381</strong></span> 
     </span>
    </p>
   </div>
   <div class='ocr_carea' id='block_1_2' title="bbox 114 673 1417 3643">
    <p class='ocr_par' dir='ltr' id='par_1_2' title="bbox 171 673 1417 1081">
     <span class='ocr_line' id='line_1_2' title="bbox 171 673 1316 760; baseline -0.003 -17"><span class='ocrx_word' id='word_1_13' title='bbox 171 682 245 743; x_wconf 84' lang='lat' dir='ltr'><strong>sunt</strong></span> <span class='ocrx_word' id='word_1_14' title='bbox 272 677 431 760; x_wconf 77' lang='lat' dir='ltr'><strong>primitiae</strong></span> <span class='ocrx_word' id='word_1_15' title='bbox 459 695 549 742; x_wconf 86' lang='lat' dir='ltr'><strong>areae</strong></span> <span class='ocrx_word' id='word_1_16' title='bbox 577 675 745 759; x_wconf 77' lang='lat' dir='ltr'><strong>spiritaiis3</strong></span> <span class='ocrx_word' id='word_1_17' title='bbox 777 678 944 756; x_wconf 89' lang='lat' dir='ltr'><strong>propterea</strong></span> <span class='ocrx_word' id='word_1_18' title='bbox 972 675 1068 738; x_wconf 88' lang='lat' dir='ltr'><strong>etiam</strong></span> <span class='ocrx_word' id='word_1_19' title='bbox 1098 673 1194 738; x_wconf 86' lang='lat' dir='ltr'><strong>rurali</strong></span> <span class='ocrx_word' id='word_1_20' title='bbox 1227 693 1316 739; x_wconf 90' lang='lat' dir='ltr'><strong>areae</strong></span> 
     </span>
     <span class='ocr_line' id='line_1_3' title="bbox 172 782 1315 868; baseline -0.004 -18"><span class='ocrx_word' id='word_1_21' title='bbox 172 789 391 868; x_wconf 78' lang='lat' dir='ltr'><strong>conparantur,</strong></span> <span class='ocrx_word' id='word_1_22' title='bbox 431 785 464 848; x_wconf 90' lang='lat' dir='ltr'><strong>in</strong></span> <span class='ocrx_word' id='word_1_23' title='bbox 500 803 564 867; x_wconf 89' lang='lat' dir='ltr'><strong>qua</strong></span> <span class='ocrx_word' id='word_1_24' title='bbox 599 783 795 848; x_wconf 88' lang='lat' dir='ltr'><strong>uentilantur</strong></span> <span class='ocrx_word' id='word_1_25' title='bbox 832 783 999 848; x_wconf 80' lang='lat' dir='ltr'><strong>frumenta.</strong></span> <span class='ocrx_word' id='word_1_26' title='bbox 1042 782 1127 846; x_wconf 86' lang='lat' dir='ltr'><strong>siout</strong></span> <span class='ocrx_word' id='word_1_27' title='bbox 1163 783 1246 846; x_wconf 87' lang='lat' dir='ltr'><strong>euim</strong></span> <span class='ocrx_word' id='word_1_28' title='bbox 1284 783 1315 846; x_wconf 91' lang='lat' dir='ltr'><strong>in</strong></span> 
     </span>
     <span class='ocr_line' id='line_1_4' title="bbox 171 888 1417 973; baseline -0.007 -17"><span class='ocrx_word' id='word_1_29' title='bbox 171 892 230 956; x_wconf 87' lang='lat' dir='ltr'><strong>hac</strong></span> <span class='ocrx_word' id='word_1_30' title='bbox 260 891 359 956; x_wconf 86' lang='lat' dir='ltr'><strong>rurali</strong></span> <span class='ocrx_word' id='word_1_31' title='bbox 391 909 464 955; x_wconf 88' lang='lat' dir='ltr'><strong>area</strong></span> <span class='ocrx_word' id='word_1_32' title='bbox 495 890 654 956; x_wconf 78' lang='lat' dir='ltr'><strong>excutitur</strong></span> <span class='ocrx_word' id='word_1_33' title='bbox 684 889 829 954; x_wconf 89' lang='lat' dir='ltr'><strong>triticum</strong></span> <span class='ocrx_word' id='word_1_34' title='bbox 862 893 957 973; x_wconf 89' lang='lat' dir='ltr'><strong>atquo</strong></span> <span class='ocrx_word' id='word_1_35' title='bbox 989 889 1141 954; x_wconf 81' lang='lat' dir='ltr'><strong>hordeum</strong></span> <span class='ocrx_word' id='word_1_36' title='bbox 1169 892 1211 967; x_wconf 84' lang='lat' dir='ltr'><strong>et,</strong></span> <span class='ocrx_word' id='word_1_37' title='bbox 1241 888 1315 953; x_wconf 92' lang='lat' dir='ltr'><strong>dum</strong></span> <span class='ocrx_word' id='word_1_38' title='bbox 1326 891 1417 948; x_wconf 77' lang='lat' dir='ltr'>207A</span> 
     </span>
     <span class='ocr_line' id='line_1_5' title="bbox 173 996 1318 1081; baseline -0.003 -18"><span class='ocrx_word' id='word_1_39' title='bbox 173 998 300 1081; x_wconf 88' lang='lat' dir='ltr'><strong>saepius</strong></span> <span class='ocrx_word' id='word_1_40' title='bbox 332 998 518 1077; x_wconf 86' lang='lat' dir='ltr'><strong>uentilatur,</strong></span> <span class='ocrx_word' id='word_1_41' title='bbox 547 999 712 1080; x_wconf 85' lang='lat' dir='ltr'><strong>separatur</strong></span> <span class='ocrx_word' id='word_1_42' title='bbox 734 1016 752 1062; x_wconf 90' lang='lat' dir='ltr'><strong>a</strong></span> <span class='ocrx_word' id='word_1_43' title='bbox 775 996 887 1080; x_wconf 84' lang='lat' dir='ltr'><strong>paleis,</strong></span> <span class='ocrx_word' id='word_1_44' title='bbox 917 997 991 1079; x_wconf 86' lang='lat' dir='ltr'><strong>quia</strong></span> <span class='ocrx_word' id='word_1_45' title='bbox 1017 996 1125 1078; x_wconf 88' lang='lat' dir='ltr'><strong>paleae</strong></span> <span class='ocrx_word' id='word_1_46' title='bbox 1155 1002 1318 1079; x_wconf 89' lang='lat' dir='ltr'><strong>ceteraque</strong></span> 
     </span>
    </p>

    <p class='ocr_par' dir='ltr' id='par_1_3' title="bbox 142 1102 1319 1189">
     <span class='ocr_line' id='line_1_6' title="bbox 142 1102 1319 1189; baseline 0.003 -26"><span class='ocrx_word' id='word_1_47' title='bbox 142 1108 381 1189; x_wconf 72' lang='lat' dir='ltr'><strong>spurgamenta</strong></span> <span class='ocrx_word' id='word_1_48' title='bbox 406 1105 522 1170; x_wconf 86' lang='lat' dir='ltr'><strong>messis</strong></span> <span class='ocrx_word' id='word_1_49' title='bbox 550 1105 582 1169; x_wconf 90' lang='lat' dir='ltr'><strong>in</strong></span> <span class='ocrx_word' id='word_1_50' title='bbox 612 1105 774 1170; x_wconf 89' lang='lat' dir='ltr'><strong>diuersum</strong></span> <span class='ocrx_word' id='word_1_51' title='bbox 809 1104 892 1168; x_wconf 84' lang='lat' dir='ltr'><strong>leuis</strong></span> <span class='ocrx_word' id='word_1_52' title='bbox 921 1121 1014 1169; x_wconf 86' lang='lat' dir='ltr'><strong>aurae</strong></span> <span class='ocrx_word' id='word_1_53' title='bbox 1048 1103 1217 1187; x_wconf 84' lang='lat' dir='ltr'><strong>spiramine</strong></span> <span class='ocrx_word' id='word_1_54' title='bbox 1257 1102 1319 1167; x_wconf 88' lang='lat' dir='ltr'><strong>dis·</strong></span> 
     </span>
    </p>

    <p class='ocr_par' dir='ltr' id='par_1_4' title="bbox 114 1208 1323 1614">
     <span class='ocr_line' id='line_1_7' title="bbox 114 1208 1320 1296; baseline -0.002 -21"><span class='ocrx_word' id='word_1_55' title='bbox 114 1208 117 1213; x_wconf 51' lang='lat'><strong>⁴</strong></span> <span class='ocrx_word' id='word_1_56' title='bbox 173 1212 326 1293; x_wconf 86' lang='lat' dir='ltr'><strong>sipantur,</strong></span> <span class='ocrx_word' id='word_1_57' title='bbox 363 1211 419 1276; x_wconf 90' lang='lat' dir='ltr'><strong>illa</strong></span> <span class='ocrx_word' id='word_1_58' title='bbox 454 1230 531 1276; x_wconf 89' lang='lat' dir='ltr'><strong>uero</strong></span> <span class='ocrx_word' id='word_1_59' title='bbox 569 1231 650 1296; x_wconf 86' lang='lat' dir='ltr'><strong>quae</strong></span> <span class='ocrx_word' id='word_1_60' title='bbox 687 1210 840 1276; x_wconf 86' lang='lat' dir='ltr'><strong>solidiora</strong></span> <span class='ocrx_word' id='word_1_61' title='bbox 876 1214 951 1275; x_wconf 89' lang='lat' dir='ltr'><strong>sunt</strong></span> <span class='ocrx_word' id='word_1_62' title='bbox 982 1210 1012 1275; x_wconf 92' lang='lat' dir='ltr'><strong>in</strong></span> <span class='ocrx_word' id='word_1_63' title='bbox 1045 1212 1153 1275; x_wconf 91' lang='lat' dir='ltr'><strong>locum</strong></span> <span class='ocrx_word' id='word_1_64' title='bbox 1186 1208 1320 1274; x_wconf 87' lang='lat' dir='ltr'><strong>eundem</strong></span> 
     </span>
     <span class='ocr_line' id='line_1_8' title="bbox 174 1318 1321 1402; baseline -0.003 -19"><span class='ocrx_word' id='word_1_65' title='bbox 174 1337 308 1383; x_wconf 85' lang='lat' dir='ltr'><strong>excusso</strong></span> <span class='ocrx_word' id='word_1_66' title='bbox 338 1320 470 1401; x_wconf 87' lang='lat' dir='ltr'><strong>puluere</strong></span> <span class='ocrx_word' id='word_1_67' title='bbox 493 1319 689 1396; x_wconf 89' lang='lat' dir='ltr'><strong>relabuntur,</strong></span> <span class='ocrx_word' id='word_1_68' title='bbox 712 1318 759 1384; x_wconf 84' lang='lat' dir='ltr'><strong>ita</strong></span> <span class='ocrx_word' id='word_1_69' title='bbox 781 1318 1014 1402; x_wconf 83' lang='lat' dir='ltr'><strong>cogitationum</strong></span> <span class='ocrx_word' id='word_1_70' title='bbox 1038 1320 1216 1383; x_wconf 86' lang='lat' dir='ltr'><strong>nostrarum</strong></span> <span class='ocrx_word' id='word_1_71' title='bbox 1242 1335 1321 1400; x_wconf 86' lang='lat' dir='ltr'><strong>quae</strong></span> 
     </span>
     <span class='ocr_line' id='line_1_9' title="bbox 175 1423 1323 1509; baseline -0.003 -20"><span class='ocrx_word' id='word_1_72' title='bbox 175 1434 250 1489; x_wconf 88' lang='lat' dir='ltr'><strong>sunt</strong></span> <span class='ocrx_word' id='word_1_73' title='bbox 278 1425 400 1490; x_wconf 90' lang='lat' dir='ltr'><strong>solidae</strong></span> <span class='ocrx_word' id='word_1_74' title='bbox 429 1428 523 1507; x_wconf 86' lang='lat' dir='ltr'><strong>atque</strong></span> <span class='ocrx_word' id='word_1_75' title='bbox 551 1425 690 1509; x_wconf 83' lang='lat' dir='ltr'><strong>optimae</strong></span> <span class='ocrx_word' id='word_1_76' title='bbox 718 1445 830 1508; x_wconf 87' lang='lat' dir='ltr'><strong>puram</strong></span> <span class='ocrx_word' id='word_1_77' title='bbox 859 1429 954 1508; x_wconf 87' lang='lat' dir='ltr'><strong>atque</strong></span> <span class='ocrx_word' id='word_1_78' title='bbox 987 1425 1141 1490; x_wconf 83' lang='lat' dir='ltr'><strong>sinceram</strong></span> <span class='ocrx_word' id='word_1_79' title='bbox 1175 1423 1323 1488; x_wconf 81' lang='lat' dir='ltr'><strong>exhibent</strong></span> 
     </span>
     <span class='ocr_line' id='line_1_10' title="bbox 174 1530 1323 1614; baseline -0.001 -20"><span class='ocrx_word' id='word_1_80' title='bbox 174 1531 308 1596; x_wconf 74' lang='lat' dir='ltr'><strong>arimatia</strong></span> <span class='ocrx_word' id='word_1_81' title='bbox 332 1531 524 1609; x_wconf 88' lang='lat' dir='ltr'><strong>alimoniam,</strong></span> <span class='ocrx_word' id='word_1_82' title='bbox 548 1532 633 1596; x_wconf 89' lang='lat' dir='ltr'><strong>sicut</strong></span> <span class='ocrx_word' id='word_1_83' title='bbox 656 1531 810 1614; x_wconf 89' lang='lat' dir='ltr'><strong>scriptum</strong></span> <span class='ocrx_word' id='word_1_84' title='bbox 842 1535 905 1597; x_wconf 89' lang='lat' dir='ltr'><strong>est:</strong></span> <span class='ocrx_word' id='word_1_85' title='bbox 939 1532 1026 1614; x_wconf 87' lang='lat' dir='ltr'><strong>quia</strong></span> <span class='ocrx_word' id='word_1_86' title='bbox 1058 1550 1127 1595; x_wconf 92' lang='lat' dir='ltr'><strong>non</strong></span> <span class='ocrx_word' id='word_1_87' title='bbox 1161 1530 1196 1594; x_wconf 94' lang='lat' dir='ltr'><strong>in</strong></span> <span class='ocrx_word' id='word_1_88' title='bbox 1230 1549 1323 1612; x_wconf 88' lang='lat' dir='ltr'><strong>pane</strong></span> 
     </span>
    </p>

    <p class='ocr_par' dir='ltr' id='par_1_5' title="bbox 134 1637 1375 2042">
     <span class='ocr_line' id='line_1_11' title="bbox 134 1637 1322 1719; baseline -0.001 -18"><span class='ocrx_word' id='word_1_89' title='bbox 134 1655 158 1693; x_wconf 74' lang='grc' dir='ltr'><strong>ιο</strong></span> <span class='ocrx_word' id='word_1_90' title='bbox 178 1637 259 1702; x_wconf 90' lang='lat' dir='ltr'><strong>solo</strong></span> <span class='ocrx_word' id='word_1_91' title='bbox 292 1638 396 1702; x_wconf 90' lang='lat' dir='ltr'><strong>uiuit</strong></span> <span class='ocrx_word' id='word_1_92' title='bbox 427 1638 551 1711; x_wconf 90' lang='lat' dir='ltr'><strong>homo,</strong></span> <span class='ocrx_word' id='word_1_93' title='bbox 581 1638 646 1703; x_wconf 91' lang='lat' dir='ltr'><strong>sed</strong></span> <span class='ocrx_word' id='word_1_94' title='bbox 673 1638 709 1702; x_wconf 93' lang='lat' dir='ltr'><strong>in</strong></span> <span class='ocrx_word' id='word_1_95' title='bbox 739 1638 838 1702; x_wconf 92' lang='lat' dir='ltr'><strong>omni</strong></span> <span class='ocrx_word' id='word_1_96' title='bbox 865 1637 978 1702; x_wconf 91' lang='lat' dir='ltr'><strong>uerbo</strong></span> <span class='ocrx_word' id='word_1_97' title='bbox 1007 1637 1076 1714; x_wconf 91' lang='lat' dir='ltr'><strong>dei,</strong></span> <span class='ocrx_word' id='word_1_98' title='bbox 1107 1656 1188 1719; x_wconf 86' lang='lat' dir='ltr'><strong>quae</strong></span> <span class='ocrx_word' id='word_1_99' title='bbox 1216 1639 1322 1701; x_wconf 87' lang='lat' dir='ltr'><strong>autem</strong></span> 
     </span>
     <span class='ocr_line' id='line_1_12' title="bbox 174 1743 1375 1829; baseline -0.005 -21"><span class='ocrx_word' id='word_1_100' title='bbox 174 1743 307 1809; x_wconf 89' lang='lat' dir='ltr'><strong>inutiles</strong></span> <span class='ocrx_word' id='word_1_101' title='bbox 341 1764 378 1810; x_wconf 89' lang='lat' dir='ltr'><strong>ac</strong></span> <span class='ocrx_word' id='word_1_102' title='bbox 409 1763 529 1809; x_wconf 90' lang='lat' dir='ltr'><strong>uacuae</strong></span> <span class='ocrx_word' id='word_1_103' title='bbox 558 1743 785 1829; x_wconf 84' lang='lat' dir='ltr'><strong>disperguntur</strong></span> <span class='ocrx_word' id='word_1_104' title='bbox 812 1747 849 1809; x_wconf 89' lang='lat' dir='ltr'><strong>ut</strong></span> <span class='ocrx_word' id='word_1_105' title='bbox 875 1743 983 1808; x_wconf 82' lang='lat' dir='ltr'><strong>sumus</strong></span> <span class='ocrx_word' id='word_1_106' title='bbox 1012 1763 1048 1808; x_wconf 87' lang='lat' dir='ltr'><strong>ac</strong></span> <span class='ocrx_word' id='word_1_107' title='bbox 1075 1745 1220 1820; x_wconf 88' lang='lat' dir='ltr'><strong>nebulae,</strong></span> <span class='ocrx_word' id='word_1_108' title='bbox 1249 1745 1324 1827; x_wconf 88' lang='lat' dir='ltr'><strong>quia</strong></span> <span class='ocrx_word' id='word_1_109' title='bbox 1351 1747 1375 1802; x_wconf 88' lang='lat' dir='ltr'><strong>B</strong></span> 
     </span>
     <span class='ocr_line' id='line_1_13' title="bbox 178 1851 1323 1935; baseline -0.001 -20"><span class='ocrx_word' id='word_1_110' title='bbox 178 1851 263 1916; x_wconf 87' lang='lat' dir='ltr'><strong>sicut</strong></span> <span class='ocrx_word' id='word_1_111' title='bbox 289 1853 397 1916; x_wconf 87' lang='lat' dir='ltr'><strong>fumus</strong></span> <span class='ocrx_word' id='word_1_112' title='bbox 426 1851 528 1916; x_wconf 91' lang='lat' dir='ltr'><strong>oculis</strong></span> <span class='ocrx_word' id='word_1_113' title='bbox 556 1851 604 1916; x_wconf 88' lang='lat' dir='ltr'><strong>sic</strong></span> <span class='ocrx_word' id='word_1_114' title='bbox 630 1851 782 1935; x_wconf 88' lang='lat' dir='ltr'><strong>iniquitas</strong></span> <span class='ocrx_word' id='word_1_115' title='bbox 811 1852 976 1917; x_wconf 84' lang='lat' dir='ltr'><strong>utentibus</strong></span> <span class='ocrx_word' id='word_1_116' title='bbox 1001 1871 1047 1917; x_wconf 86' lang='lat' dir='ltr'><strong>ea.</strong></span> <span class='ocrx_word' id='word_1_117' title='bbox 1072 1853 1104 1916; x_wconf 90' lang='lat' dir='ltr'><strong>et</strong></span> <span class='ocrx_word' id='word_1_118' title='bbox 1126 1853 1211 1916; x_wconf 87' lang='lat' dir='ltr'><strong>r&#39;ecte</strong></span> <span class='ocrx_word' id='word_1_119' title='bbox 1236 1852 1323 1915; x_wconf 84' lang='lat' dir='ltr'><strong>sumo</strong></span> 
     </span>
     <span class='ocr_line' id='line_1_14' title="bbox 176 1958 1324 2042; baseline -0.002 -20"><span class='ocrx_word' id='word_1_120' title='bbox 176 1958 329 2039; x_wconf 86' lang='lat' dir='ltr'><strong>iniquitas</strong></span> <span class='ocrx_word' id='word_1_121' title='bbox 361 1961 560 2041; x_wconf 87' lang='lat' dir='ltr'><strong>conparatur,</strong></span> <span class='ocrx_word' id='word_1_122' title='bbox 593 1977 674 2041; x_wconf 87' lang='lat' dir='ltr'><strong>quae</strong></span> <span class='ocrx_word' id='word_1_123' title='bbox 704 1960 797 2023; x_wconf 86' lang='lat' dir='ltr'><strong>uelut</strong></span> <span class='ocrx_word' id='word_1_124' title='bbox 829 1958 964 2042; x_wconf 84' lang='lat' dir='ltr'><strong>quadam</strong></span> <span class='ocrx_word' id='word_1_125' title='bbox 998 1959 1152 2024; x_wconf 86' lang='lat' dir='ltr'><strong>saeculari</strong></span> <span class='ocrx_word' id='word_1_126' title='bbox 1190 1958 1324 2042; x_wconf 83' lang='lat' dir='ltr'><strong>caligine</strong></span> 
     </span>
    </p>

    <p class='ocr_par' dir='ltr' id='par_1_6' title="bbox 117 2061 1325 2132">
     <span class='ocr_line' id='line_1_15' title="bbox 117 2061 1325 2132; baseline 0.005 -9"><span class='ocrx_word' id='word_1_127' title='bbox 117 2061 135 2123; x_wconf 84' lang='grc'><strong>6</strong></span> <span class='ocrx_word' id='word_1_128' title='bbox 179 2065 279 2130; x_wconf 85' lang='lat' dir='ltr'><strong>aciem</strong></span> <span class='ocrx_word' id='word_1_129' title='bbox 302 2064 420 2129; x_wconf 87' lang='lat' dir='ltr'><strong>mentis</strong></span> <span class='ocrx_word' id='word_1_130' title='bbox 444 2065 585 2130; x_wconf 87' lang='lat' dir='ltr'><strong>obducit.</strong></span> <span class='ocrx_word' id='word_1_131' title='bbox 611 2069 643 2130; x_wconf 91' lang='lat' dir='ltr'><strong>et</strong></span> <span class='ocrx_word' id='word_1_132' title='bbox 664 2065 736 2130; x_wconf 90' lang='lat' dir='ltr'><strong>ideo</strong></span> <span class='ocrx_word' id='word_1_133' title='bbox 761 2065 839 2130; x_wconf 89' lang='lat' dir='ltr'><strong>dicit</strong></span> <span class='ocrx_word' id='word_1_134' title='bbox 863 2066 1024 2132; x_wconf 88' lang='lat' dir='ltr'><strong>dominus:</strong></span> <span class='ocrx_word' id='word_1_135' title='bbox 1054 2085 1135 2130; x_wconf 92' lang='lat' dir='ltr'><strong>cum</strong></span> <span class='ocrx_word' id='word_1_136' title='bbox 1164 2067 1325 2130; x_wconf 86' lang='lat' dir='ltr'><strong>intraue-</strong></span> 
     </span>
    </p>

    <p class='ocr_par' dir='ltr' id='par_1_7' title="bbox 137 2169 1328 2681">
     <span class='ocr_line' id='line_1_16' title="bbox 137 2169 1327 2254; baseline 0 -18"><span class='ocrx_word' id='word_1_137' title='bbox 137 2188 161 2228; x_wconf 66' lang='grc' dir='ltr'><strong>ιο</strong></span> <span class='ocrx_word' id='word_1_138' title='bbox 179 2172 270 2236; x_wconf 90' lang='lat' dir='ltr'><strong>ritis</strong></span> <span class='ocrx_word' id='word_1_139' title='bbox 297 2171 335 2235; x_wconf 93' lang='lat' dir='ltr'><strong>in</strong></span> <span class='ocrx_word' id='word_1_140' title='bbox 362 2173 512 2249; x_wconf 87' lang='lat' dir='ltr'><strong>terram,</strong></span> <span class='ocrx_word' id='word_1_141' title='bbox 542 2169 580 2236; x_wconf 89' lang='lat' dir='ltr'><strong>in</strong></span> <span class='ocrx_word' id='word_1_142' title='bbox 609 2191 716 2254; x_wconf 92' lang='lat' dir='ltr'><strong>quam</strong></span> <span class='ocrx_word' id='word_1_143' title='bbox 744 2171 881 2237; x_wconf 85' lang='lat' dir='ltr'><strong>induco</strong></span> <span class='ocrx_word' id='word_1_144' title='bbox 910 2193 988 2250; x_wconf 87' lang='lat' dir='ltr'><strong>uos,</strong></span> <span class='ocrx_word' id='word_1_145' title='bbox 1014 2175 1155 2237; x_wconf 91' lang='lat' dir='ltr'><strong>etcum</strong></span> <span class='ocrx_word' id='word_1_146' title='bbox 1178 2171 1327 2237; x_wconf 88' lang='lat' dir='ltr'><strong>mandu-</strong></span> 
     </span>
     <span class='ocr_line' id='line_1_17' title="bbox 180 2277 1327 2362; baseline -0.001 -18"><span class='ocrx_word' id='word_1_147' title='bbox 180 2297 263 2344; x_wconf 88' lang='lat' dir='ltr'><strong>care</strong></span> <span class='ocrx_word' id='word_1_148' title='bbox 303 2277 512 2362; x_wconf 87' lang='lat' dir='ltr'><strong>coeperitis</strong></span> <span class='ocrx_word' id='word_1_149' title='bbox 550 2277 592 2342; x_wconf 91' lang='lat' dir='ltr'><strong>de</strong></span> <span class='ocrx_word' id='word_1_150' title='bbox 629 2279 789 2362; x_wconf 88' lang='lat' dir='ltr'><strong>panibus</strong></span> <span class='ocrx_word' id='word_1_151' title='bbox 828 2283 949 2345; x_wconf 87' lang='lat' dir='ltr'><strong>terrae</strong></span> <span class='ocrx_word' id='word_1_152' title='bbox 986 2280 1111 2358; x_wconf 88' lang='lat' dir='ltr'><strong>illius,</strong></span> <span class='ocrx_word' id='word_1_153' title='bbox 1153 2279 1327 2344; x_wconf 79' lang='lat' dir='ltr'><strong>offeretis</strong></span> 
     </span>
     <span class='ocr_line' id='line_1_18' title="bbox 181 2384 1327 2470; baseline 0.001 -22"><span class='ocrx_word' id='word_1_154' title='bbox 181 2384 413 2450; x_wconf 87' lang='lat' dir='ltr'><strong>oblationem</strong></span> <span class='ocrx_word' id='word_1_155' title='bbox 447 2388 659 2468; x_wconf 82' lang='lat' dir='ltr'><strong>separatam</strong></span> <span class='ocrx_word' id='word_1_156' title='bbox 693 2385 855 2465; x_wconf 91' lang='lat' dir='ltr'><strong>domino,</strong></span> <span class='ocrx_word' id='word_1_157' title='bbox 893 2387 1084 2470; x_wconf 89' lang='lat' dir='ltr'><strong>primitias</strong></span> <span class='ocrx_word' id='word_1_158' title='bbox 1119 2385 1327 2467; x_wconf 87' lang='lat' dir='ltr'><strong>conspersi-</strong></span> 
     </span>
     <span class='ocr_line' id='line_1_19' title="bbox 182 2492 1327 2576; baseline -0.001 -20"><span class='ocrx_word' id='word_1_159' title='bbox 182 2492 264 2557; x_wconf 88' lang='lat' dir='ltr'><strong>onis</strong></span> <span class='ocrx_word' id='word_1_160' title='bbox 301 2495 456 2558; x_wconf 83' lang='lat' dir='ltr'><strong>uestrae</strong></span> <span class='ocrx_word' id='word_1_161' title='bbox 493 2511 642 2576; x_wconf 89' lang='lat' dir='ltr'><strong>panem:</strong></span> <span class='ocrx_word' id='word_1_162' title='bbox 681 2493 783 2558; x_wconf 89' lang='lat' dir='ltr'><strong>sicut</strong></span> <span class='ocrx_word' id='word_1_163' title='bbox 816 2495 1045 2558; x_wconf 85' lang='lat' dir='ltr'><strong>oblationem</strong></span> <span class='ocrx_word' id='word_1_164' title='bbox 1080 2493 1121 2556; x_wconf 89' lang='lat' dir='ltr'><strong>de</strong></span> <span class='ocrx_word' id='word_1_165' title='bbox 1155 2511 1240 2557; x_wconf 86' lang='lat' dir='ltr'><strong>ares</strong></span> <span class='ocrx_word' id='word_1_166' title='bbox 1273 2493 1327 2555; x_wconf 89' lang='lat' dir='ltr'><strong>sic</strong></span> 
     </span>
     <span class='ocr_line' id='line_1_20' title="bbox 182 2598 1328 2681; baseline 0 -19"><span class='ocrx_word' id='word_1_167' title='bbox 182 2598 367 2663; x_wconf 80' lang='lat' dir='ltr'><strong>auferetis</strong></span> <span class='ocrx_word' id='word_1_168' title='bbox 390 2599 581 2681; x_wconf 83' lang='lat' dir='ltr'><strong>primitiae</strong></span> <span class='ocrx_word' id='word_1_169' title='bbox 606 2600 872 2665; x_wconf 86' lang='lat' dir='ltr'><strong>confusionum</strong></span> <span class='ocrx_word' id='word_1_170' title='bbox 896 2605 1111 2665; x_wconf 85' lang='lat' dir='ltr'><strong>uestrarum</strong></span> <span class='ocrx_word' id='word_1_171' title='bbox 1132 2602 1167 2663; x_wconf 88' lang='lat' dir='ltr'><strong>et</strong></span> <span class='ocrx_word' id='word_1_172' title='bbox 1186 2598 1328 2662; x_wconf 87' lang='lat' dir='ltr'><strong>dabitis</strong></span> 
     </span>
    </p>

    <p class='ocr_par' dir='ltr' id='par_1_8' title="bbox 139 2704 1381 3216">
     <span class='ocr_line' id='line_1_21' title="bbox 139 2704 1381 2786; baseline -0.002 -18"><span class='ocrx_word' id='word_1_173' title='bbox 139 2723 165 2762; x_wconf 75' lang='lat' dir='ltr'><strong>so</strong></span> <span class='ocrx_word' id='word_1_174' title='bbox 183 2705 342 2769; x_wconf 89' lang='lat' dir='ltr'><strong>domino.</strong></span> <span class='ocrx_word' id='word_1_175' title='bbox 376 2704 519 2770; x_wconf 86' lang='lat' dir='ltr'><strong>confusio</strong></span> <span class='ocrx_word' id='word_1_176' title='bbox 547 2725 605 2770; x_wconf 90' lang='lat' dir='ltr'><strong>nos</strong></span> <span class='ocrx_word' id='word_1_177' title='bbox 633 2726 746 2771; x_wconf 90' lang='lat' dir='ltr'><strong>sumus</strong></span> <span class='ocrx_word' id='word_1_178' title='bbox 774 2707 971 2772; x_wconf 87' lang='lat' dir='ltr'><strong>diuersorum</strong></span> <span class='ocrx_word' id='word_1_179' title='bbox 1001 2707 1229 2771; x_wconf 87' lang='lat' dir='ltr'><strong>elementorum</strong></span> <span class='ocrx_word' id='word_1_180' title='bbox 1254 2724 1329 2786; x_wconf 92' lang='lat' dir='ltr'><strong>qua·</strong></span> <span class='ocrx_word' id='word_1_181' title='bbox 1358 2709 1381 2765; x_wconf 81' lang='lat' dir='ltr'><strong>c</strong></span> 
     </span>
     <span class='ocr_line' id='line_1_22' title="bbox 183 2811 1329 2896; baseline 0.001 -22"><span class='ocrx_word' id='word_1_182' title='bbox 183 2811 255 2875; x_wconf 87' lang='lat' dir='ltr'><strong>dam</strong></span> <span class='ocrx_word' id='word_1_183' title='bbox 297 2811 519 2876; x_wconf 84' lang='lat' dir='ltr'><strong>commixtione</strong></span> <span class='ocrx_word' id='word_1_184' title='bbox 560 2813 729 2894; x_wconf 82' lang='lat' dir='ltr'><strong>conpositi,</strong></span> <span class='ocrx_word' id='word_1_185' title='bbox 771 2812 930 2896; x_wconf 87' lang='lat' dir='ltr'><strong>siquidem</strong></span> <span class='ocrx_word' id='word_1_186' title='bbox 966 2811 1117 2895; x_wconf 87' lang='lat' dir='ltr'><strong>frigidum</strong></span> <span class='ocrx_word' id='word_1_187' title='bbox 1156 2811 1258 2875; x_wconf 86' lang='lat' dir='ltr'><strong>calido</strong></span> <span class='ocrx_word' id='word_1_188' title='bbox 1296 2815 1329 2875; x_wconf 90' lang='lat' dir='ltr'><strong>et</strong></span> 
     </span>
     <span class='ocr_line' id='line_1_23' title="bbox 182 2917 1330 3001; baseline 0.001 -20"><span class='ocrx_word' id='word_1_189' title='bbox 182 2917 328 2981; x_wconf 89' lang='lat' dir='ltr'><strong>umidum</strong></span> <span class='ocrx_word' id='word_1_190' title='bbox 351 2917 437 2982; x_wconf 87' lang='lat' dir='ltr'><strong>sicco</strong></span> <span class='ocrx_word' id='word_1_191' title='bbox 455 2919 610 2983; x_wconf 85' lang='lat' dir='ltr'><strong>miscetur</strong></span> <span class='ocrx_word' id='word_1_192' title='bbox 626 2919 658 2983; x_wconf 93' lang='lat' dir='ltr'><strong>in</strong></span> <span class='ocrx_word' id='word_1_193' title='bbox 676 2919 779 2984; x_wconf 92' lang='lat' dir='ltr'><strong>nobis.</strong></span> <span class='ocrx_word' id='word_1_194' title='bbox 799 2920 876 2984; x_wconf 87' lang='lat' dir='ltr'><strong>haec</strong></span> <span class='ocrx_word' id='word_1_195' title='bbox 896 2920 1076 3001; x_wconf 87' lang='lat' dir='ltr'><strong>conspersio</strong></span> <span class='ocrx_word' id='word_1_196' title='bbox 1096 2919 1214 2982; x_wconf 84' lang='lat' dir='ltr'><strong>multas</strong></span> <span class='ocrx_word' id='word_1_197' title='bbox 1233 2917 1330 2982; x_wconf 88' lang='lat' dir='ltr'><strong>habet</strong></span> 
     </span>
     <span class='ocr_line' id='line_1_24' title="bbox 184 3023 1329 3108; baseline 0.002 -22"><span class='ocrx_word' id='word_1_198' title='bbox 184 3023 286 3087; x_wconf 87' lang='lat' dir='ltr'><strong>carnis</strong></span> <span class='ocrx_word' id='word_1_199' title='bbox 323 3024 508 3102; x_wconf 86' lang='lat' dir='ltr'><strong>inlecebras,</strong></span> <span class='ocrx_word' id='word_1_200' title='bbox 545 3024 700 3108; x_wconf 87' lang='lat' dir='ltr'><strong>plurimas</strong></span> <span class='ocrx_word' id='word_1_201' title='bbox 737 3026 974 3104; x_wconf 86' lang='lat' dir='ltr'><strong>delectationes,</strong></span> <span class='ocrx_word' id='word_1_202' title='bbox 1008 3026 1063 3090; x_wconf 91' lang='lat' dir='ltr'><strong>sed</strong></span> <span class='ocrx_word' id='word_1_203' title='bbox 1096 3044 1156 3089; x_wconf 90' lang='lat' dir='ltr'><strong>non</strong></span> <span class='ocrx_word' id='word_1_204' title='bbox 1189 3027 1265 3090; x_wconf 83' lang='lat' dir='ltr'><strong>suut</strong></span> <span class='ocrx_word' id='word_1_205' title='bbox 1296 3024 1329 3088; x_wconf 93' lang='lat' dir='ltr'><strong>hi</strong></span> 
     </span>
     <span class='ocr_line' id='line_1_25' title="bbox 182 3129 1329 3216; baseline 0.003 -24"><span class='ocrx_word' id='word_1_206' title='bbox 182 3129 341 3212; x_wconf 90' lang='lat' dir='ltr'><strong>primitiui</strong></span> <span class='ocrx_word' id='word_1_207' title='bbox 369 3132 466 3196; x_wconf 90' lang='lat' dir='ltr'><strong>huius</strong></span> <span class='ocrx_word' id='word_1_208' title='bbox 490 3133 630 3216; x_wconf 89' lang='lat' dir='ltr'><strong>eorporis</strong></span> <span class='ocrx_word' id='word_1_209' title='bbox 655 3151 777 3198; x_wconf 89' lang='lat' dir='ltr'><strong>sensus.</strong></span> <span class='ocrx_word' id='word_1_210' title='bbox 806 3134 934 3216; x_wconf 78' lang='lat' dir='ltr'><strong>etquis</strong></span> <span class='ocrx_word' id='word_1_211' title='bbox 958 3153 993 3198; x_wconf 85' lang='lat' dir='ltr'><strong>er</strong></span> <span class='ocrx_word' id='word_1_212' title='bbox 1017 3133 1120 3197; x_wconf 90' lang='lat' dir='ltr'><strong>anima</strong></span> <span class='ocrx_word' id='word_1_213' title='bbox 1143 3135 1176 3198; x_wconf 88' lang='lat' dir='ltr'><strong>et</strong></span> <span class='ocrx_word' id='word_1_214' title='bbox 1199 3151 1329 3215; x_wconf 89' lang='lat' dir='ltr'><strong>corpore</strong></span> 
     </span>
    </p>

    <p class='ocr_par' dir='ltr' id='par_1_9' title="bbox 142 3239 1386 3643">
     <span class='ocr_line' id='line_1_26' title="bbox 142 3239 1331 3323; baseline -0.002 -19"><span class='ocrx_word' id='word_1_215' title='bbox 142 3239 367 3306; x_wconf 76' lang='lat' dir='ltr'><strong>aconstamus</strong></span> <span class='ocrx_word' id='word_1_216' title='bbox 405 3241 437 3303; x_wconf 89' lang='lat' dir='ltr'><strong>et</strong></span> <span class='ocrx_word' id='word_1_217' title='bbox 473 3239 598 3320; x_wconf 84' lang='lat' dir='ltr'><strong>spiritu,</strong></span> <span class='ocrx_word' id='word_1_218' title='bbox 635 3241 712 3304; x_wconf 88' lang='lat' dir='ltr'><strong>haec</strong></span> <span class='ocrx_word' id='word_1_219' title='bbox 750 3241 930 3322; x_wconf 86' lang='lat' dir='ltr'><strong>conspersio</strong></span> <span class='ocrx_word' id='word_1_220' title='bbox 967 3239 1161 3323; x_wconf 82' lang='lat' dir='ltr'><strong>principalis,</strong></span> <span class='ocrx_word' id='word_1_221' title='bbox 1198 3239 1229 3302; x_wconf 95' lang='lat' dir='ltr'><strong>in</strong></span> <span class='ocrx_word' id='word_1_222' title='bbox 1268 3257 1331 3321; x_wconf 89' lang='lat' dir='ltr'><strong>qua</strong></span> 
     </span>
     <span class='ocr_line' id='line_1_27' title="bbox 185 3343 1329 3430; baseline 0.003 -24"><span class='ocrx_word' id='word_1_223' title='bbox 185 3343 374 3408; x_wconf 84' lang='lat' dir='ltr'><strong>sanctificari</strong></span> <span class='ocrx_word' id='word_1_224' title='bbox 397 3365 455 3410; x_wconf 88' lang='lat' dir='ltr'><strong>nos</strong></span> <span class='ocrx_word' id='word_1_225' title='bbox 479 3347 645 3428; x_wconf 88' lang='lat' dir='ltr'><strong>apostolus</strong></span> <span class='ocrx_word' id='word_1_226' title='bbox 668 3348 767 3429; x_wconf 90' lang='lat' dir='ltr'><strong>cupit,</strong></span> <span class='ocrx_word' id='word_1_227' title='bbox 793 3348 878 3412; x_wconf 86' lang='lat' dir='ltr'><strong>sicut</strong></span> <span class='ocrx_word' id='word_1_228' title='bbox 902 3347 959 3411; x_wconf 85' lang='lat' dir='ltr'><strong>ait:</strong></span> <span class='ocrx_word' id='word_1_229' title='bbox 983 3347 1066 3430; x_wconf 90' lang='lat' dir='ltr'><strong>ipse</strong></span> <span class='ocrx_word' id='word_1_230' title='bbox 1091 3351 1213 3410; x_wconf 83' lang='lat' dir='ltr'><strong>autem</strong></span> <span class='ocrx_word' id='word_1_231' title='bbox 1239 3346 1329 3411; x_wconf 86' lang='lat' dir='ltr'><strong>dous</strong></span> 
     </span>
     <span class='ocr_line' id='line_1_28' title="bbox 184 3451 1329 3537; baseline 0.002 -23"><span class='ocrx_word' id='word_1_232' title='bbox 184 3451 289 3532; x_wconf 87' lang='lat' dir='ltr'><strong>pacis</strong></span> <span class='ocrx_word' id='word_1_233' title='bbox 319 3451 542 3518; x_wconf 82' lang='lat' dir='ltr'><strong>sanctificet</strong></span> <span class='ocrx_word' id='word_1_234' title='bbox 570 3471 637 3519; x_wconf 92' lang='lat' dir='ltr'><strong>uos</strong></span> <span class='ocrx_word' id='word_1_235' title='bbox 665 3473 731 3536; x_wconf 88' lang='lat' dir='ltr'><strong>per</strong></span> <span class='ocrx_word' id='word_1_236' title='bbox 759 3455 891 3532; x_wconf 87' lang='lat' dir='ltr'><strong>omnia,</strong></span> <span class='ocrx_word' id='word_1_237' title='bbox 921 3457 957 3517; x_wconf 89' lang='lat' dir='ltr'><strong>et</strong></span> <span class='ocrx_word' id='word_1_238' title='bbox 985 3453 1134 3537; x_wconf 86' lang='lat' dir='ltr'><strong>integer</strong></span> <span class='ocrx_word' id='word_1_239' title='bbox 1167 3453 1329 3535; x_wconf 90' lang='lat' dir='ltr'><strong>spiritus</strong></span> 
     </span>
     <span class='ocr_line' id='line_1_29' title="bbox 186 3558 1386 3643; baseline -0.002 -22"><span class='ocrx_word' id='word_1_240' title='bbox 186 3561 318 3622; x_wconf 90' lang='lat' dir='ltr'><strong>uester</strong></span> <span class='ocrx_word' id='word_1_241' title='bbox 341 3560 377 3622; x_wconf 91' lang='lat' dir='ltr'><strong>et</strong></span> <span class='ocrx_word' id='word_1_242' title='bbox 400 3560 521 3623; x_wconf 87' lang='lat' dir='ltr'><strong>anima</strong></span> <span class='ocrx_word' id='word_1_243' title='bbox 545 3563 581 3624; x_wconf 90' lang='lat' dir='ltr'><strong>et</strong></span> <span class='ocrx_word' id='word_1_244' title='bbox 605 3579 741 3642; x_wconf 90' lang='lat' dir='ltr'><strong>corpus</strong></span> <span class='ocrx_word' id='word_1_245' title='bbox 765 3561 845 3626; x_wconf 89' lang='lat' dir='ltr'><strong>sine</strong></span> <span class='ocrx_word' id='word_1_246' title='bbox 870 3561 1024 3643; x_wconf 87' lang='lat' dir='ltr'><strong>querela</strong></span> <span class='ocrx_word' id='word_1_247' title='bbox 1047 3561 1081 3624; x_wconf 92' lang='lat' dir='ltr'><strong>in</strong></span> <span class='ocrx_word' id='word_1_248' title='bbox 1107 3559 1164 3623; x_wconf 93' lang='lat' dir='ltr'><strong>die</strong></span> <span class='ocrx_word' id='word_1_249' title='bbox 1189 3558 1330 3622; x_wconf 89' lang='lat' dir='ltr'><strong>domini</strong></span> <span class='ocrx_word' id='word_1_250' title='bbox 1359 3566 1386 3618; x_wconf 84' lang='grc'><strong>1)</strong></span> 
     </span>
    </p>
   </div>
   <div class='ocr_carea' id='block_1_3' title="bbox 188 3816 1330 3976">
    <p class='ocr_par' dir='ltr' id='par_1_10' title="bbox 188 3816 1330 3976">
     <span class='ocr_line' id='line_1_30' title="bbox 277 3816 1330 3884; baseline 0.005 -13"><span class='ocrx_word' id='word_1_251' title='bbox 277 3816 508 3880; x_wconf 81' lang='lat' dir='ltr'><strong>1Num.15,20</strong></span> <span class='ocrx_word' id='word_1_252' title='bbox 559 3819 741 3883; x_wconf 57' lang='lat' dir='ltr'><strong>enuere</strong></span> <span class='ocrx_word' id='word_1_253' title='bbox 793 3821 826 3873; x_wconf 81' lang='lat'><strong>12</strong></span> <span class='ocrx_word' id='word_1_254' title='bbox 845 3820 971 3877; x_wconf 89' lang='lat' dir='ltr'><strong>Prouerb.</strong></span> <span class='ocrx_word' id='word_1_255' title='bbox 994 3821 1035 3884; x_wconf 87' lang='grc'><strong>10,</strong></span> <span class='ocrx_word' id='word_1_256' title='bbox 1055 3821 1088 3876; x_wconf 80' lang='grc'><strong>26</strong></span> <span class='ocrx_word' id='word_1_257' title='bbox 1142 3821 1174 3874; x_wconf 81' lang='lat'><strong>14</strong></span> <span class='ocrx_word' id='word_1_258' title='bbox 1194 3820 1272 3876; x_wconf 88' lang='lat' dir='ltr'><strong>Num.</strong></span> <span class='ocrx_word' id='word_1_259' title='bbox 1289 3822 1330 3876; x_wconf 87' lang='lat'><strong>15.</strong></span> 
     </span>
     <span class='ocr_line' id='line_1_31' title="bbox 188 3906 1291 3976; baseline 0.004 -17"><span class='ocrx_word' id='word_1_260' title='bbox 188 3906 290 3960; x_wconf 79' lang='lat'>18-21</span> <span class='ocrx_word' id='word_1_261' title='bbox 312 3906 392 3960; x_wconf 90' lang='lat' dir='ltr'><strong>Philo</strong></span> <span class='ocrx_word' id='word_1_262' title='bbox 412 3906 446 3960; x_wconf 89' lang='lat' dir='ltr'><strong>dc</strong></span> <span class='ocrx_word' id='word_1_263' title='bbox 465 3924 532 3961; x_wconf 85' lang='lat' dir='ltr'><strong>sacr.</strong></span> <span class='ocrx_word' id='word_1_264' title='bbox 552 3907 586 3961; x_wconf 73' lang='lat'><strong>33</strong></span> <span class='ocrx_word' id='word_1_265' title='bbox 605 3908 678 3976; x_wconf 76' lang='grc'><strong>(184,</strong></span> <span class='ocrx_word' id='word_1_266' title='bbox 701 3908 746 3972; x_wconf 83' lang='lat'><strong>19;</strong></span> <span class='ocrx_word' id='word_1_267' title='bbox 765 3908 777 3961; x_wconf 90' lang='grc' dir='ltr'>Ι</span> <span class='ocrx_word' id='word_1_268' title='bbox 797 3910 858 3972; x_wconf 80' lang='grc'>246,</span> <span class='ocrx_word' id='word_1_269' title='bbox 880 3910 892 3962; x_wconf 93' lang='grc'><strong>1</strong></span> <span class='ocrx_word' id='word_1_270' title='bbox 917 3909 957 3976; x_wconf 76' lang='lat'><strong>0.)</strong></span> <span class='ocrx_word' id='word_1_271' title='bbox 1014 3911 1048 3962; x_wconf 83' lang='grc'><strong>26</strong></span> <span class='ocrx_word' id='word_1_272' title='bbox 1067 3909 1079 3962; x_wconf 90' lang='grc' dir='ltr'>Ι</span> <span class='ocrx_word' id='word_1_273' title='bbox 1098 3909 1191 3964; x_wconf 83' lang='lat' dir='ltr'><strong>Thess.</strong></span> <span class='ocrx_word' id='word_1_274' title='bbox 1212 3911 1236 3972; x_wconf 84' lang='lat'><strong>5,</strong></span> <span class='ocrx_word' id='word_1_275' title='bbox 1257 3909 1291 3963; x_wconf 84' lang='lat'><strong>23</strong></span> 
     </span>
    </p>
   </div>
   <div class='ocr_carea' id='block_1_4' title="bbox 187 4039 1338 4468">
    <p class='ocr_par' dir='ltr' id='par_1_11' title="bbox 187 4039 1338 4468">
     <span class='ocr_line' id='line_1_32' title="bbox 223 4039 1336 4110; baseline 0.001 -17"><span class='ocrx_word' id='word_1_276' title='bbox 223 4040 236 4093; x_wconf 97' lang='lat' dir='ltr'>l</span> <span class='ocrx_word' id='word_1_277' title='bbox 257 4039 341 4093; x_wconf 86' lang='lat' dir='ltr'><strong>rurali</strong></span> <span class='ocrx_word' id='word_1_278' title='bbox 359 4040 391 4106; x_wconf 89' lang='lat' dir='ltr'><strong>(li</strong></span> <span class='ocrx_word' id='word_1_279' title='bbox 408 4057 430 4094; x_wconf 83' lang='lat' dir='ltr'><strong>a.</strong></span> <span class='ocrx_word' id='word_1_280' title='bbox 449 4041 490 4110; x_wconf 81' lang='lat' dir='ltr'><strong>u.)</strong></span> <span class='ocrx_word' id='word_1_281' title='bbox 506 4041 606 4094; x_wconf 86' lang='lat' dir='ltr'><strong>harene</strong></span> <span class='ocrx_word' id='word_1_282' title='bbox 626 4045 655 4107; x_wconf 91' lang='lat' dir='ltr'><strong>(n</strong></span> <span class='ocrx_word' id='word_1_283' title='bbox 673 4046 755 4106; x_wconf 83' lang='lat' dir='ltr'><strong>eros.)</strong></span> <span class='ocrx_word' id='word_1_284' title='bbox 775 4040 799 4095; x_wconf 82' lang='lat' dir='ltr'><strong><em>S</em></strong></span> <span class='ocrx_word' id='word_1_285' title='bbox 899 4043 915 4094; x_wconf 83' lang='lat'><strong>3</strong></span> <span class='ocrx_word' id='word_1_286' title='bbox 934 4043 1016 4096; x_wconf 85' lang='lat' dir='ltr'><strong>harea</strong></span> <span class='ocrx_word' id='word_1_287' title='bbox 1034 4040 1058 4096; x_wconf 79' lang='lat' dir='ltr'><em>S</em></span> <span class='ocrx_word' id='word_1_288' title='bbox 1076 4047 1103 4106; x_wconf 88' lang='lat' dir='ltr'><strong>(a</strong></span> <span class='ocrx_word' id='word_1_289' title='bbox 1122 4043 1169 4094; x_wconf 84' lang='lat' dir='ltr'><strong>alt.</strong></span> <span class='ocrx_word' id='word_1_290' title='bbox 1189 4041 1220 4094; x_wconf 81' lang='lat' dir='ltr'><strong>in</strong></span> <span class='ocrx_word' id='word_1_291' title='bbox 1237 4057 1293 4095; x_wconf 85' lang='lat' dir='ltr'><strong>ros.</strong></span> <span class='ocrx_word' id='word_1_292' title='bbox 1314 4046 1336 4095; x_wconf 71' lang='lat'><strong><em>2</em></strong></span> 
     </span>
     <span class='ocr_line' id='line_1_33' title="bbox 188 4128 1332 4200; baseline 0.003 -20"><span class='ocrx_word' id='word_1_293' title='bbox 188 4128 239 4182; x_wconf 71' lang='lat' dir='ltr'><strong>liu.</strong></span> <span class='ocrx_word' id='word_1_294' title='bbox 260 4130 317 4198; x_wconf 68' lang='lat' dir='ltr'><strong>md)</strong></span> <span class='ocrx_word' id='word_1_295' title='bbox 391 4129 424 4182; x_wconf 92' lang='grc'><strong>10</strong></span> <span class='ocrx_word' id='word_1_296' title='bbox 442 4129 514 4183; x_wconf 83' lang='lat' dir='ltr'><strong>uiuit</strong></span> <span class='ocrx_word' id='word_1_297' title='bbox 530 4129 661 4183; x_wconf 84' lang='lat' dir='ltr'><em>BM¹PV</em></span> <span class='ocrx_word' id='word_1_298' title='bbox 676 4131 754 4184; x_wconf 88' lang='lat' dir='ltr'><strong>uiuet</strong></span> <span class='ocrx_word' id='word_1_299' title='bbox 773 4135 820 4183; x_wconf 85' lang='lat' dir='ltr'><strong>cet.</strong></span> <span class='ocrx_word' id='word_1_300' title='bbox 899 4131 931 4184; x_wconf 84' lang='grc'><strong>17</strong></span> <span class='ocrx_word' id='word_1_301' title='bbox 951 4129 1332 4200; x_wconf 83' lang='lat' dir='ltr'><strong>separatam...oblatiorrem</strong></span> 
     </span>
     <span class='ocr_line' id='line_1_34' title="bbox 187 4216 1338 4273; baseline 0.001 -2"><span class='ocrx_word' id='word_1_302' title='bbox 187 4233 238 4271; x_wconf 81' lang='lat' dir='ltr'><strong>om.</strong></span> <span class='ocrx_word' id='word_1_303' title='bbox 257 4216 285 4269; x_wconf 93' lang='lat' dir='ltr'><strong><em>B</em></strong></span> <span class='ocrx_word' id='word_1_304' title='bbox 377 4219 410 4270; x_wconf 87' lang='lat'><strong>19</strong></span> <span class='ocrx_word' id='word_1_305' title='bbox 430 4217 559 4271; x_wconf 80' lang='lat' dir='ltr'><strong>auferetis</strong></span> <span class='ocrx_word' id='word_1_306' title='bbox 578 4217 655 4271; x_wconf 74' lang='lat' dir='ltr'><strong>Sml</strong></span> <span class='ocrx_word' id='word_1_307' title='bbox 666 4217 802 4272; x_wconf 81' lang='lat' dir='ltr'><em>MBM‘V</em></span> <span class='ocrx_word' id='word_1_308' title='bbox 820 4219 938 4272; x_wconf 84' lang='lat' dir='ltr'><strong>afferetis</strong></span> <span class='ocrx_word' id='word_1_309' title='bbox 956 4219 990 4272; x_wconf 85' lang='lat' dir='ltr'><strong>P¹</strong></span> <span class='ocrx_word' id='word_1_310' title='bbox 1010 4219 1129 4273; x_wconf 81' lang='lat' dir='ltr'><strong>offeretis</strong></span> <span class='ocrx_word' id='word_1_311' title='bbox 1149 4219 1231 4272; x_wconf 76' lang='lat' dir='ltr'><strong>Soo3</strong></span> <span class='ocrx_word' id='word_1_312' title='bbox 1245 4219 1338 4272; x_wconf 77' lang='lat' dir='ltr'><strong><em>AA‘P</em></strong></span> 
     </span>
     <span class='ocr_line' id='line_1_35' title="bbox 188 4305 1338 4378; baseline 0.003 -19"><span class='ocrx_word' id='word_1_313' title='bbox 188 4307 222 4360; x_wconf 80' lang='lat'><strong>22</strong></span> <span class='ocrx_word' id='word_1_314' title='bbox 240 4305 381 4360; x_wconf 87' lang='lat' dir='ltr'><strong>humidum</strong></span> <span class='ocrx_word' id='word_1_315' title='bbox 401 4305 468 4360; x_wconf 74' lang='lat' dir='ltr'><strong>zion·</strong></span> <span class='ocrx_word' id='word_1_316' title='bbox 521 4307 555 4362; x_wconf 81' lang='lat'><strong>23</strong></span> <span class='ocrx_word' id='word_1_317' title='bbox 573 4307 602 4359; x_wconf 87' lang='lat' dir='ltr'><strong>hi</strong></span> <span class='ocrx_word' id='word_1_318' title='bbox 621 4306 680 4359; x_wconf 91' lang='lat' dir='ltr'><strong>BV</strong></span> <span class='ocrx_word' id='word_1_319' title='bbox 695 4307 734 4360; x_wconf 88' lang='lat' dir='ltr'><strong>hii</strong></span> <span class='ocrx_word' id='word_1_320' title='bbox 753 4313 800 4361; x_wconf 86' lang='lat' dir='ltr'><strong>cet.</strong></span> <span class='ocrx_word' id='word_1_321' title='bbox 857 4309 891 4361; x_wconf 75' lang='lat'><strong>24</strong></span> <span class='ocrx_word' id='word_1_322' title='bbox 910 4309 938 4360; x_wconf 89' lang='lat' dir='ltr'><strong>et</strong></span> <span class='ocrx_word' id='word_1_323' title='bbox 957 4307 1021 4376; x_wconf 87' lang='lat' dir='ltr'><strong>quia</strong></span> <span class='ocrx_word' id='word_1_324' title='bbox 1038 4309 1137 4378; x_wconf 66' lang='lat' dir='ltr'><strong>scripu</strong></span> <span class='ocrx_word' id='word_1_325' title='bbox 1154 4313 1238 4377; x_wconf 87' lang='lat' dir='ltr'><strong>utque</strong></span> <span class='ocrx_word' id='word_1_326' title='bbox 1263 4309 1288 4360; x_wconf 92' lang='lat' dir='ltr'><em>V</em></span> <span class='ocrx_word' id='word_1_327' title='bbox 1305 4313 1338 4362; x_wconf 87' lang='lat' dir='ltr'><strong>ut</strong></span> 
     </span>
     <span class='ocr_line' id='line_1_36' title="bbox 189 4395 1335 4468; baseline 0.001 -20"><span class='ocrx_word' id='word_1_328' title='bbox 189 4395 253 4464; x_wconf 88' lang='lat' dir='ltr'><strong>quia</strong></span> <span class='ocrx_word' id='word_1_329' title='bbox 272 4401 320 4450; x_wconf 85' lang='lat' dir='ltr'><strong>cet.</strong></span> <span class='ocrx_word' id='word_1_330' title='bbox 366 4396 400 4448; x_wconf 81' lang='lat'><strong>26</strong></span> <span class='ocrx_word' id='word_1_331' title='bbox 420 4413 470 4449; x_wconf 90' lang='lat' dir='ltr'><strong>nos</strong></span> <span class='ocrx_word' id='word_1_332' title='bbox 488 4395 650 4450; x_wconf 82' lang='lat' dir='ltr'><strong>sanctificari</strong></span> <span class='ocrx_word' id='word_1_333' title='bbox 669 4397 745 4465; x_wconf 88' lang='lat' dir='ltr'><strong>cupit</strong></span> <span class='ocrx_word' id='word_1_334' title='bbox 763 4397 903 4466; x_wconf 86' lang='lat' dir='ltr'><strong>apostolus</strong></span> <span class='ocrx_word' id='word_1_335' title='bbox 917 4397 944 4449; x_wconf 90' lang='lat' dir='ltr'><em>B</em></span> <span class='ocrx_word' id='word_1_336' title='bbox 987 4397 1021 4450; x_wconf 82' lang='lat'><strong>27</strong></span> <span class='ocrx_word' id='word_1_337' title='bbox 1040 4399 1114 4468; x_wconf 85' lang='lat' dir='ltr'><strong>pacis</strong></span> <span class='ocrx_word' id='word_1_338' title='bbox 1129 4397 1183 4451; x_wconf 88' lang='lat' dir='ltr'><strong>PV</strong></span> <span class='ocrx_word' id='word_1_339' title='bbox 1196 4400 1274 4468; x_wconf 88' lang='lat' dir='ltr'><strong>pater</strong></span> <span class='ocrx_word' id='word_1_340' title='bbox 1288 4404 1335 4450; x_wconf 81' lang='lat' dir='ltr'><strong>cet.</strong></span> 
     </span>
    </p>
   </div>
   <div class='ocr_carea' id='block_1_5' title="bbox 0 0 1587 4964">
    <p class='ocr_par' dir='ltr' id='par_1_12' title="bbox 0 0 1587 4964">
     <span class='ocr_line' id='line_1_37' title="bbox 0 0 1587 4964; baseline 0 0"><span class='ocrx_word' id='word_1_341' title='bbox 0 0 1587 4964; x_wconf 95' lang='lat' dir='ltr'><strong> </strong></span> 
     </span>
    </p>
   </div>
  </div>
 </body>
</html>
