3142 4967
267 440 332 502 306
736 435 931 490 Ambrosii

222 629 264 692 48
311 632 378 698 Nec
401 632 483 696 illud
508 632 658 708 otiosum,
691 631 775 713 quod
799 650 859 696 non
885 631 922 696 de
946 630 1056 695 eadem
1080 636 1173 708 terra,
1198 632 1236 696 de
1260 651 1322 713 qua
1345 631 1413 714 pla·
1475 651 1495 705 a

267 742 389 804 amatus
415 743 465 804 est
486 739 601 815 Adam,
625 738 681 803 sed
705 738 743 802 de
766 738 869 820 ipsius
892 738 979 802 Adae
1004 742 1094 804 costa
1116 739 1201 804 faeta
1225 739 1268 804 sit
1284 739 1411 816 mulier,

265 852 303 910 ut
325 847 480 911 sciremus
508 865 604 910 unam
626 846 658 910 in
682 846 751 911 uiro
776 850 809 911 et
831 846 964 910 muliere
993 845 1133 928 corporis
1161 865 1231 911 esse
1255 851 1411 922 naturam,

266 974 365 1018 uuum
388 954 510 1018 fontem
534 953 660 1036 generis
683 953 822 1016 humani.
847 953 918 1018 ideo
943 971 1002 1017 non
1028 953 1089 1016 duo
1115 971 1132 1016 a
1154 952 1310 1035 principio
1334 953 1412 1018 facti

265 1062 315 1124 uir
331 1063 363 1124 et
376 1061 492 1124 mulier
510 1079 612 1142 neqire
632 1059 694 1124 duo
715 1059 776 1123 uiri
795 1079 896 1141 neque
917 1059 997 1123 duae
1016 1059 1177 1138 mulieres,
1197 1059 1253 1124 sed
1272 1059 1411 1142 primum
1443 1083 1456 1120 e

266 1167 325 1244 uir,
342 1164 454 1232 deiude
474 1185 510 1231 ex
529 1185 566 1230 eo
586 1166 711 1230 mulier.
731 1185 826 1231 unam
845 1167 928 1230 euim
948 1169 1091 1230 naturam
1111 1167 1223 1230 nolens
1245 1166 1409 1230 homiuum

265 1274 459 1338 constituere
488 1273 566 1337 deus
595 1273 633 1337 ab
663 1292 725 1338 uno
753 1272 907 1356 principio
939 1276 1099 1336 creaturae
1129 1273 1225 1337 huius
1255 1272 1410 1355 iucipiens
1473 1283 1491 1336 1¹

264 1382 438 1443 multarum
461 1384 494 1444 et
517 1380 690 1462 disparium
714 1384 897 1444 naturarum
923 1379 1040 1461 eripuit
1062 1379 1258 1444 facultatem.
1289 1379 1411 1444 facia-

264 1506 350 1551 mus
378 1486 484 1568 iuquit
514 1486 549 1550 ei
581 1485 833 1550 adiutorium
866 1471 1001 1550 simile
1032 1486 1116 1551 sibi.
1148 1485 1341 1550 adiutorium
1372 1486 1411 1550 ad

266 1593 500 1677 generationem
542 1591 780 1658 constitutionis
817 1592 971 1656 humanae
1008 1591 1238 1676 intellegimur,
1271 1596 1304 1656 et
1336 1611 1410 1656 uere
1430 1617 1455 1654 ro
1558 1611 1559 1622 ¹

264 1701 383 1765 bonum
415 1698 619 1765 adiutorium.
650 1719 723 1765 nam
752 1700 780 1763 si
807 1719 863 1780 pro
891 1699 1021 1764 meliore
1054 1699 1172 1782 accipis
1204 1699 1410 1766 adiutorium.

263 1809 365 1872 maior
375 1807 529 1889 quaedam
540 1807 572 1871 iu
583 1826 680 1872 causa
690 1807 903 1890 generationis
919 1807 1060 1890 operatio
1076 1806 1220 1872 mulieris
1235 1806 1412 1889 repperitur

265 1915 348 1978 sicut
381 1914 475 1980 istius
508 1918 619 1991 terrae,
652 1931 732 1996 qnae
769 1913 891 1977 semina
927 1913 1029 1995 primo
1067 1915 1197 1996 accepta
1233 1912 1410 1978 cohibendo

263 2019 421 2103 paulatim
443 2020 512 2084 fotu
536 2038 594 2083 suo
619 2019 798 2083 adolescere
822 2018 902 2082 facit
924 2021 956 2082 et
978 2017 1126 2100 producit
1148 2018 1179 2083 in
1200 2023 1353 2102 segetem.
1379 2020 1409 2084 in

265 2145 300 2190 eo
318 2125 417 2209 igitur
435 2125 628 2191 adiutorium
647 2125 765 2191 bouum
784 2125 939 2202 mulieris,
960 2144 1151 2208 quamquam
1171 2125 1266 2190 etiam
1280 2125 1411 2191 inferior
1428 2149 1452 2188 ιε

265 2231 388 2296 dicatur
401 2231 537 2310 adiutor,
552 2236 590 2296 ot
603 2235 635 2296 et
648 2231 680 2294 in
694 2251 756 2296 usu
775 2232 973 2315 repperimus
992 2232 1140 2309 hnmano,
1160 2233 1235 2314 quia
1253 2231 1408 2317 dignitate

262 2337 402 2419 potiores
424 2337 611 2420 plerumque
634 2337 811 2404 adiutorem
834 2339 939 2403 meriti
961 2338 1118 2403 inferioris
1141 2339 1335 2404 adsciscunt.
1454 2358 1523 2413 loll

152 2441 207 2522 11,
219 2441 260 2505 49
308 2443 424 2526 Specta
445 2464 529 2509 nuuc
553 2464 609 2509 cur
632 2443 710 2508 deus
734 2445 838 2509 adhuc
856 2445 980 2510 finaeut
998 2445 1036 2509 de
1055 2448 1139 2510 terra
1157 2465 1266 2512 omnes
1285 2447 1407 2514 bestias

263 2552 330 2634 agri
360 2556 392 2616 et
420 2552 527 2616 omnia
557 2551 703 2616 uolatilia
735 2551 816 2616 caeli
846 2554 878 2615 et
906 2551 1069 2616 adduxerit
1097 2571 1134 2616 ea
1161 2552 1200 2617 ad
1229 2553 1342 2632 Adam,
1373 2559 1408 2618 ut
1465 2559 1484 2612 B

262 2657 387 2722 uideret
417 2656 493 2740 quid
523 2661 652 2722 uocaret
681 2676 727 2723 ea.
758 2676 822 2740 qua
850 2657 970 2721 ratione
1001 2657 1060 2722 hoc
1091 2658 1211 2723 factum
1242 2665 1302 2740 est,
1334 2681 1406 2726 curu
1425 2685 1449 2724 so

261 2763 481 2828 tantummodo
506 2764 626 2828 bestias
650 2765 717 2846 agri
740 2768 772 2828 et
791 2764 936 2828 uolatilia
959 2763 1038 2828 caeli
1058 2763 1097 2829 ad
1115 2765 1216 2830 Adam
1242 2766 1407 2832 adduxerit

263 2871 362 2936 deus?
396 2875 484 2936 erant
516 2871 599 2934 euim
632 2889 746 2952 peoora
782 2870 957 2935 secundum
991 2891 1085 2936 suum
1120 2891 1231 2956 genus.
1270 2872 1407 2956 denique

262 2978 360 3041 habes
402 2977 483 3040 infra
520 2977 594 3058 quia
630 2977 819 3059 inposuit
856 2977 978 3041 Adam
1020 2979 1180 3043 nomina
1216 2981 1406 3046 omuibus

262 3083 482 3166 pecoribus
503 3086 543 3146 et
562 3083 748 3148 omnibus
767 3083 919 3148 bestiis
940 3085 1040 3168 agri3
1060 3084 1166 3149 Adae
1186 3093 1404 3152 autemnon
1560 3153 1561 3206 1

263 3192 327 3253 est
345 3189 540 3253 inuentus
565 3189 729 3254 adiutor
752 3189 906 3254 similis
926 3191 1007 3254 illi.
1028 3210 1107 3273 quae
1126 3191 1227 3275 igitur
1245 3193 1405 3258 absolutio
1423 3217 1446 3256 aa
1560 3225 1561 3282 3

351 3415 667 3482 lPhilanaest.125
704 3415 807 3471 8Gen.
823 3419 848 3480 2,
865 3419 898 3470 18
937 3417 969 3470 18
986 3416 1051 3472 Gen.
1068 3419 1092 3480 2,
1113 3419 1146 3472 19
1183 3419 1217 3473 23
1237 3417 1305 3473 Gen.
1325 3421 1350 3481 2.
1370 3422 1404 3474 ‘20

297 3541 453 3596 lodiosurn
471 3540 499 3593 A
571 3539 686 3594 2adam
705 3557 726 3594 s.
745 3557 773 3596 u.
793 3545 840 3594 m2
857 3541 894 3593 Μ
964 3540 1038 3595 Adae
1058 3557 1109 3596 om.
1128 3543 1165 3596 Μ
1228 3544 1324 3598 3uiro
1344 3545 1365 3612 (i
1383 3563 1404 3600 s.

258 3633 299 3691 u.)
318 3633 344 3682 A
416 3629 529 3682 muliere
549 3633 575 3692 (e
594 3630 644 3682 ult.
658 3634 759 3697 postea
777 3628 855 3694 add.)
874 3631 901 3683 A
973 3633 1039 3684 ter
1059 3647 1090 3684 eo
1111 3647 1161 3685 om.
1180 3631 1245 3686 RV‘
1318 3635 1404 3690 homi·

259 3736 320 3773 uem
338 3720 366 3772 A
385 3723 413 3784 (v
431 3735 452 3772 s.
472 3723 497 3784 e)
517 3718 555 3771 Μ
624 3719 640 3771 9
660 3717 811 3772 adiutorem
829 3717 944 3773 RSBV'
1022 3719 1109 3773 simile
1131 3719 1216 3775 00¹1)
1234 3720 1352 3776 similem
1370 3723 1406 3776 M

259 3818 296 3874 (ur
322 3809 370 3862 alt.
395 3810 465 3876 esp.)
489 3808 523 3860 P¹
547 3806 585 3876 (m
609 3808 658 3860 alt.
682 3811 764 3871 erae.)
791 3813 838 3862 cet.
931 3809 961 3861 11
983 3809 1098 3878 accipies
1118 3808 1153 3862 Μ
1243 3810 1275 3863 12
1295 3819 1358 3865 oasa
1378 3814 1404 3865 A

260 3898 292 3952 13
312 3897 392 3952 sicuti
412 3895 449 3949 Μ
521 3895 971 3965 14reaumaus(nasseto)1u
1043 3899 1151 3967 segetes
1170 3897 1196 3950 R
1269 3901 1404 3954 acerbolo

259 4003 289 4040 eo
304 4001 389 4056 mquee
403 3983 441 4037 ad
454 3984 598 4053 repperisti
612 3987 653 4052 lp.
670 3986 730 4036 309
743 3999 771 4036 u.
791 3987 817 4048 7)
833 3999 884 4037 om.
906 3982 937 4034 V‘
993 3985 1025 4037 16
1041 3983 1190 4038 dicaturu-
1204 3984 1249 4055 (d.
1262 4029 1267 4038 .
1284 3993 1367 4054 erce.)
1377 3991 1403 4042 A

293 4075 332 4143 et]
353 4075 436 4126 etiam
455 4071 523 4124 MP
586 4071 734 4140 reperimus
752 4071 835 4125 ABG
896 4070 1012 4126 humano
1031 4091 1052 4129 a,
1072 4089 1099 4127 a.
1119 4077 1165 4126 m2
1182 4073 1220 4128 Μ
1266 4077 1298 4128 17
1318 4079 1402 4130 ruenti

257 4163 341 4216 APV
396 4162 428 4214 18
447 4163 571 4230 exspecta
589 4160 617 4213 P
687 4161 801 4224 finxerat
819 4161 838 4231 (i
856 4176 877 4214 a.
898 4165 924 4227 a)
944 4162 971 4214 A
1027 4162 1059 4216 19
1079 4163 1120 4232 ut]
1142 4163 1210 4216 etP
1263 4165 1299 4219 22
1318 4181 1402 4234 genus

258 4267 335 4303 suum
354 4249 470 4303 saw
539 4249 818 4304 mantoncourt
881 4249 916 4302 24
936 4249 1106 4316 etSBPv‘,
1125 4267 1176 4306 cm.
1196 4259 1244 4310 cet.
1309 4255 1344 4309 25
1361 4254 1400 4308 in·

259 4341 354 4392 uentos
375 4342 400 4405 (o
420 4344 605 4392 exactus.
626 4343 652 4404 o)
672 4340 698 4390 A
