<?xml version="1.0" encoding="UTF-8"?>
<!DOCTYPE html PUBLIC "-//W3C//DTD XHTML 1.0 Transitional//EN"
    "http://www.w3.org/TR/xhtml1/DTD/xhtml1-transitional.dtd">
<html xmlns="http://www.w3.org/1999/xhtml" xml:lang="en" lang="en">
 <head>
  <title>
</title>
<meta http-equiv="Content-Type" content="text/html;charset=utf-8" />
  <meta name='ocr-system' content='tesseract 3.04.00' />
  <meta name='ocr-capabilities' content='ocr_page ocr_carea ocr_par ocr_line ocrx_word'/>
</head>
<body>
  <div class='ocr_page' id='page_1' title='image "./corpusscriptoru00wissgoog_0316.png"; bbox 0 0 3142 4967; ppageno 0'>
   <div class='ocr_carea' id='block_1_1' title="bbox 284 467 968 534">
    <p class='ocr_par' dir='ltr' id='par_1_1' title="bbox 284 467 968 534">
     <span class='ocr_line' id='line_1_1' title="bbox 284 467 968 534; baseline 0 -13"><span class='ocrx_word' id='word_1_1' title='bbox 284 472 348 534; x_wconf 80' lang='lat'>308</span> <span class='ocrx_word' id='word_1_2' title='bbox 769 467 968 522; x_wconf 81' lang='lat' dir='ltr'>Ambrosii</span> 
     </span>
    </p>
   </div>
   <div class='ocr_carea' id='block_1_2' title="bbox 278 665 1555 2458">
    <p class='ocr_par' dir='ltr' id='par_1_2' title="bbox 281 665 1510 963">
     <span class='ocr_line' id='line_1_2' title="bbox 283 665 1510 750; baseline 0 -20"><span class='ocrx_word' id='word_1_3' title='bbox 283 668 337 749; x_wconf 89' lang='lat' dir='ltr'>qui</span> <span class='ocrx_word' id='word_1_4' title='bbox 370 666 556 750; x_wconf 89' lang='lat' dir='ltr'>diligentius</span> <span class='ocrx_word' id='word_1_5' title='bbox 593 665 765 741; x_wconf 76' lang='lat' dir='ltr'>intuentur,</span> <span class='ocrx_word' id='word_1_6' title='bbox 805 665 962 748; x_wconf 90' lang='lat' dir='ltr'>quomodo</span> <span class='ocrx_word' id='word_1_7' title='bbox 997 666 1024 730; x_wconf 89' lang='lat' dir='ltr'>si</span> <span class='ocrx_word' id='word_1_8' title='bbox 1058 668 1108 730; x_wconf 93' lang='lat' dir='ltr'>uel</span> <span class='ocrx_word' id='word_1_9' title='bbox 1141 665 1242 748; x_wconf 92' lang='lat' dir='ltr'>primo</span> <span class='ocrx_word' id='word_1_10' title='bbox 1275 685 1429 750; x_wconf 88' lang='lat' dir='ltr'>magnum</span> <span class='ocrx_word' id='word_1_11' title='bbox 1491 679 1510 730; x_wconf 77' lang='grc'><strong>1</strong></span> 
     </span>
     <span class='ocr_line' id='line_1_3' title="bbox 282 772 1428 856; baseline -0.001 -19"><span class='ocrx_word' id='word_1_12' title='bbox 282 793 399 838; x_wconf 89' lang='lat' dir='ltr'>munus</span> <span class='ocrx_word' id='word_1_13' title='bbox 436 773 486 836; x_wconf 90' lang='lat' dir='ltr'>dei</span> <span class='ocrx_word' id='word_1_14' title='bbox 523 772 586 836; x_wconf 87' lang='lat' dir='ltr'>fuit</span> <span class='ocrx_word' id='word_1_15' title='bbox 622 772 705 837; x_wconf 90' lang='lat' dir='ltr'>oiroa</span> <span class='ocrx_word' id='word_1_16' title='bbox 747 772 900 850; x_wconf 75' lang='lat' dir='ltr'>homines,</span> <span class='ocrx_word' id='word_1_17' title='bbox 943 777 980 837; x_wconf 88' lang='lat' dir='ltr'>ut</span> <span class='ocrx_word' id='word_1_18' title='bbox 1020 775 1052 837; x_wconf 92' lang='lat' dir='ltr'>in</span> <span class='ocrx_word' id='word_1_19' title='bbox 1094 773 1241 856; x_wconf 82' lang='lat' dir='ltr'>paradiso</span> <span class='ocrx_word' id='word_1_20' title='bbox 1284 773 1428 838; x_wconf 87' lang='lat' dir='ltr'>homines</span> 
     </span>
     <span class='ocr_line' id='line_1_4' title="bbox 281 879 1430 963; baseline -0.001 -19"><span class='ocrx_word' id='word_1_21' title='bbox 281 881 513 945; x_wconf 77' lang='lat' dir='ltr'>collocarentur</span> <span class='ocrx_word' id='word_1_22' title='bbox 549 879 601 943; x_wconf 92' lang='lat' dir='ltr'>uel</span> <span class='ocrx_word' id='word_1_23' title='bbox 637 882 750 961; x_wconf 87' lang='lat' dir='ltr'>postea</span> <span class='ocrx_word' id='word_1_24' title='bbox 786 898 972 963; x_wconf 86' lang='lat' dir='ltr'>magnomm</span> <span class='ocrx_word' id='word_1_25' title='bbox 1013 880 1224 944; x_wconf 81' lang='lat' dir='ltr'>remuneratio</span> <span class='ocrx_word' id='word_1_26' title='bbox 1265 880 1430 945; x_wconf 88' lang='lat' dir='ltr'>uideretur</span> 
     </span>
    </p>

    <p class='ocr_par' dir='ltr' id='par_1_3' title="bbox 279 985 1555 1925">
     <span class='ocr_line' id='line_1_5' title="bbox 281 985 1428 1070; baseline -0.001 -19"><span class='ocrx_word' id='word_1_27' title='bbox 281 1007 351 1052; x_wconf 88' lang='lat' dir='ltr'>esso</span> <span class='ocrx_word' id='word_1_28' title='bbox 388 986 584 1062; x_wconf 88' lang='lat' dir='ltr'>meritorum,</span> <span class='ocrx_word' id='word_1_29' title='bbox 617 989 655 1050; x_wconf 92' lang='lat' dir='ltr'>ut</span> <span class='ocrx_word' id='word_1_30' title='bbox 686 986 725 1049; x_wconf 89' lang='lat' dir='ltr'>ad</span> <span class='ocrx_word' id='word_1_31' title='bbox 757 986 940 1069; x_wconf 86' lang='lat' dir='ltr'>paradisum</span> <span class='ocrx_word' id='word_1_32' title='bbox 977 986 1083 1050; x_wconf 91' lang='lat' dir='ltr'>iustus</span> <span class='ocrx_word' id='word_1_33' title='bbox 1121 985 1343 1070; x_wconf 90' lang='lat' dir='ltr'>unusquisque</span> <span class='ocrx_word' id='word_1_34' title='bbox 1380 1005 1428 1051; x_wconf 87' lang='lat' dir='ltr'>ra·</span> 
     </span>
     <span class='ocr_line' id='line_1_6' title="bbox 280 1093 1470 1178; baseline -0.005 -20"><span class='ocrx_word' id='word_1_35' title='bbox 280 1095 395 1178; x_wconf 73' lang='lat' dir='ltr'>piatur,</span> <span class='ocrx_word' id='word_1_36' title='bbox 434 1093 584 1158; x_wconf 89' lang='lat' dir='ltr'>diountur</span> <span class='ocrx_word' id='word_1_37' title='bbox 619 1095 714 1157; x_wconf 88' lang='lat' dir='ltr'>etiarn</span> <span class='ocrx_word' id='word_1_38' title='bbox 750 1093 872 1158; x_wconf 88' lang='lat' dir='ltr'>bestiae</span> <span class='ocrx_word' id='word_1_39' title='bbox 905 1099 937 1157; x_wconf 83' lang='lat' dir='ltr'>el</span> <span class='ocrx_word' id='word_1_40' title='bbox 968 1112 1082 1176; x_wconf 89' lang='lat' dir='ltr'>peoora</span> <span class='ocrx_word' id='word_1_41' title='bbox 1118 1094 1186 1176; x_wconf 89' lang='lat' dir='ltr'>agri</span> <span class='ocrx_word' id='word_1_42' title='bbox 1220 1097 1252 1157; x_wconf 86' lang='lat' dir='ltr'>et</span> <span class='ocrx_word' id='word_1_43' title='bbox 1284 1093 1428 1158; x_wconf 87' lang='lat' dir='ltr'>uolatilia</span> <span class='ocrx_word' id='word_1_44' title='bbox 1458 1115 1470 1152; x_wconf 82' lang='lat' dir='ltr'>s</span> 
     </span>
     <span class='ocr_line' id='line_1_7' title="bbox 281 1199 1427 1285; baseline -0.002 -20"><span class='ocrx_word' id='word_1_45' title='bbox 281 1202 362 1265; x_wconf 90' lang='lat' dir='ltr'>oaeli</span> <span class='ocrx_word' id='word_1_46' title='bbox 393 1203 425 1265; x_wconf 93' lang='lat' dir='ltr'>in</span> <span class='ocrx_word' id='word_1_47' title='bbox 459 1200 604 1285; x_wconf 83' lang='lat' dir='ltr'>paradiso</span> <span class='ocrx_word' id='word_1_48' title='bbox 638 1201 749 1266; x_wconf 90' lang='lat' dir='ltr'>fnisse.</span> <span class='ocrx_word' id='word_1_49' title='bbox 782 1201 866 1264; x_wconf 89' lang='lat' dir='ltr'>unde</span> <span class='ocrx_word' id='word_1_50' title='bbox 898 1201 1041 1284; x_wconf 89' lang='lat' dir='ltr'>plerique</span> <span class='ocrx_word' id='word_1_51' title='bbox 1074 1199 1258 1283; x_wconf 84' lang='lat' dir='ltr'>paradisum</span> <span class='ocrx_word' id='word_1_52' title='bbox 1291 1201 1427 1265; x_wconf 86' lang='lat' dir='ltr'>animam</span> 
     </span>
     <span class='ocr_line' id='line_1_8' title="bbox 280 1307 1428 1391; baseline -0.003 -19"><span class='ocrx_word' id='word_1_53' title='bbox 280 1309 419 1374; x_wconf 88' lang='lat' dir='ltr'>hominis</span> <span class='ocrx_word' id='word_1_54' title='bbox 450 1327 520 1372; x_wconf 89' lang='lat' dir='ltr'>esse</span> <span class='ocrx_word' id='word_1_55' title='bbox 550 1307 730 1383; x_wconf 73' lang='lat' dir='ltr'>uoluerunt,</span> <span class='ocrx_word' id='word_1_56' title='bbox 761 1307 792 1370; x_wconf 92' lang='lat' dir='ltr'>in</span> <span class='ocrx_word' id='word_1_57' title='bbox 818 1326 880 1389; x_wconf 87' lang='lat' dir='ltr'>qna</span> <span class='ocrx_word' id='word_1_58' title='bbox 906 1307 1064 1372; x_wconf 89' lang='lat' dir='ltr'>uirtutum</span> <span class='ocrx_word' id='word_1_59' title='bbox 1096 1307 1249 1389; x_wconf 86' lang='lat' dir='ltr'>quaedam</span> <span class='ocrx_word' id='word_1_60' title='bbox 1285 1307 1428 1391; x_wconf 87' lang='lat' dir='ltr'>germina</span> 
     </span>
     <span class='ocr_line' id='line_1_9' title="bbox 280 1413 1428 1498; baseline 0 -19"><span class='ocrx_word' id='word_1_61' title='bbox 280 1415 519 1498; x_wconf 78' lang='lat' dir='ltr'>pullulanerint,</span> <span class='ocrx_word' id='word_1_62' title='bbox 549 1415 710 1479; x_wconf 89' lang='lat' dir='ltr'>hominem</span> <span class='ocrx_word' id='word_1_63' title='bbox 734 1417 841 1478; x_wconf 87' lang='lat' dir='ltr'>autem</span> <span class='ocrx_word' id='word_1_64' title='bbox 866 1414 959 1479; x_wconf 90' lang='lat' dir='ltr'>etad</span> <span class='ocrx_word' id='word_1_65' title='bbox 985 1414 1178 1497; x_wconf 88' lang='lat' dir='ltr'>operandum</span> <span class='ocrx_word' id='word_1_66' title='bbox 1203 1418 1235 1478; x_wconf 91' lang='lat' dir='ltr'>et</span> <span class='ocrx_word' id='word_1_67' title='bbox 1259 1413 1298 1478; x_wconf 91' lang='lat' dir='ltr'>ad</span> <span class='ocrx_word' id='word_1_68' title='bbox 1322 1418 1428 1479; x_wconf 85' lang='lat' dir='ltr'>custo-</span> 
     </span>
     <span class='ocr_line' id='line_1_10' title="bbox 281 1520 1425 1604; baseline 0.001 -19"><span class='ocrx_word' id='word_1_69' title='bbox 281 1522 429 1586; x_wconf 88' lang='lat' dir='ltr'>diendum</span> <span class='ocrx_word' id='word_1_70' title='bbox 458 1522 639 1603; x_wconf 85' lang='lat' dir='ltr'>paradisum</span> <span class='ocrx_word' id='word_1_71' title='bbox 669 1541 739 1586; x_wconf 90' lang='lat' dir='ltr'>esse</span> <span class='ocrx_word' id='word_1_72' title='bbox 766 1521 917 1604; x_wconf 89' lang='lat' dir='ltr'>positum,</span> <span class='ocrx_word' id='word_1_73' title='bbox 949 1523 1008 1586; x_wconf 91' lang='lat' dir='ltr'>hoo</span> <span class='ocrx_word' id='word_1_74' title='bbox 1037 1527 1087 1586; x_wconf 91' lang='lat' dir='ltr'>est</span> <span class='ocrx_word' id='word_1_75' title='bbox 1114 1524 1253 1585; x_wconf 87' lang='lat' dir='ltr'>mentem</span> <span class='ocrx_word' id='word_1_76' title='bbox 1277 1520 1425 1586; x_wconf 85' lang='lat' dir='ltr'>hominis.</span> 
     </span>
     <span class='ocr_line' id='line_1_11' title="bbox 281 1611 1555 1706; baseline 0 -15"><span class='ocrx_word' id='word_1_77' title='bbox 281 1629 371 1693; x_wconf 85' lang='lat' dir='ltr'>ouius</span> <span class='ocrx_word' id='word_1_78' title='bbox 391 1629 495 1692; x_wconf 90' lang='lat' dir='ltr'>uirtus</span> <span class='ocrx_word' id='word_1_79' title='bbox 515 1629 653 1692; x_wconf 89' lang='lat' dir='ltr'>animam</span> <span class='ocrx_word' id='word_1_80' title='bbox 671 1629 801 1693; x_wconf 89' lang='lat' dir='ltr'>uidetur</span> <span class='ocrx_word' id='word_1_81' title='bbox 819 1629 970 1706; x_wconf 80' lang='lat' dir='ltr'>excolere,</span> <span class='ocrx_word' id='word_1_82' title='bbox 989 1648 1050 1693; x_wconf 91' lang='lat' dir='ltr'>non</span> <span class='ocrx_word' id='word_1_83' title='bbox 1071 1629 1175 1692; x_wconf 91' lang='lat' dir='ltr'>solum</span> <span class='ocrx_word' id='word_1_84' title='bbox 1196 1630 1348 1704; x_wconf 82' lang='lat' dir='ltr'>excolere,</span> <span class='ocrx_word' id='word_1_85' title='bbox 1371 1629 1425 1692; x_wconf 86' lang='lat' dir='ltr'>sed</span> <span class='ocrx_word' id='word_1_86' title='bbox 1445 1649 1467 1685; x_wconf 83' lang='lat' dir='ltr'>u</span> <span class='ocrx_word' id='word_1_87' title='bbox 1554 1611 1555 1700; x_wconf 44' lang='grc' dir='ltr'>ξ</span> 
     </span>
     <span class='ocr_line' id='line_1_12' title="bbox 280 1734 1542 1819; baseline -0.002 -22"><span class='ocrx_word' id='word_1_88' title='bbox 280 1734 375 1799; x_wconf 88' lang='lat' dir='ltr'>etiam</span> <span class='ocrx_word' id='word_1_89' title='bbox 399 1755 471 1800; x_wconf 89' lang='lat' dir='ltr'>oum</span> <span class='ocrx_word' id='word_1_90' title='bbox 496 1736 666 1800; x_wconf 87' lang='lat' dir='ltr'>erooluerit</span> <span class='ocrx_word' id='word_1_91' title='bbox 687 1737 857 1802; x_wconf 88' lang='lat' dir='ltr'>custodire.</span> <span class='ocrx_word' id='word_1_92' title='bbox 876 1736 997 1801; x_wconf 87' lang='lat' dir='ltr'>bestiae</span> <span class='ocrx_word' id='word_1_93' title='bbox 1018 1742 1125 1801; x_wconf 86' lang='lat' dir='ltr'>autem</span> <span class='ocrx_word' id='word_1_94' title='bbox 1144 1736 1210 1819; x_wconf 87' lang='lat' dir='ltr'>agri</span> <span class='ocrx_word' id='word_1_95' title='bbox 1231 1738 1263 1799; x_wconf 88' lang='lat' dir='ltr'>et</span> <span class='ocrx_word' id='word_1_96' title='bbox 1282 1735 1426 1800; x_wconf 84' lang='lat' dir='ltr'>uolatilia</span> <span class='ocrx_word' id='word_1_97' title='bbox 1470 1745 1542 1797; x_wconf 71' lang='lat' dir='ltr'>issa</span> 
     </span>
     <span class='ocr_line' id='line_1_13' title="bbox 279 1841 1425 1925; baseline 0 -19"><span class='ocrx_word' id='word_1_98' title='bbox 279 1841 368 1916; x_wconf 90' lang='lat' dir='ltr'>oaeli,</span> <span class='ocrx_word' id='word_1_99' title='bbox 394 1861 473 1925; x_wconf 88' lang='lat' dir='ltr'>quae</span> <span class='ocrx_word' id='word_1_100' title='bbox 497 1843 699 1907; x_wconf 83' lang='lat' dir='ltr'>adducuntur</span> <span class='ocrx_word' id='word_1_101' title='bbox 722 1844 760 1907; x_wconf 90' lang='lat' dir='ltr'>ad</span> <span class='ocrx_word' id='word_1_102' title='bbox 783 1844 896 1920; x_wconf 80' lang='lat' dir='ltr'>Adam,</span> <span class='ocrx_word' id='word_1_103' title='bbox 925 1845 1025 1909; x_wconf 86' lang='lat' dir='ltr'>nostri</span> <span class='ocrx_word' id='word_1_104' title='bbox 1052 1842 1289 1908; x_wconf 85' lang='lat' dir='ltr'>inrationabiles</span> <span class='ocrx_word' id='word_1_105' title='bbox 1318 1849 1425 1906; x_wconf 91' lang='lat' dir='ltr'>motus</span> 
     </span>
    </p>

    <p class='ocr_par' dir='ltr' id='par_1_4' title="bbox 279 1949 1425 2032">
     <span class='ocr_line' id='line_1_14' title="bbox 279 1949 1425 2032; baseline 0.001 -21"><span class='ocrx_word' id='word_1_106' title='bbox 279 1952 363 2023; x_wconf 74' lang='lat' dir='ltr'>sunt,</span> <span class='ocrx_word' id='word_1_107' title='bbox 389 1967 424 2012; x_wconf 93' lang='lat' dir='ltr'>eo</span> <span class='ocrx_word' id='word_1_108' title='bbox 450 1949 533 2030; x_wconf 89' lang='lat' dir='ltr'>qnod</span> <span class='ocrx_word' id='word_1_109' title='bbox 561 1949 683 2013; x_wconf 89' lang='lat' dir='ltr'>bestiae</span> <span class='ocrx_word' id='word_1_110' title='bbox 707 1949 759 2013; x_wconf 91' lang='lat' dir='ltr'>uel</span> <span class='ocrx_word' id='word_1_111' title='bbox 783 1967 898 2031; x_wconf 88' lang='lat' dir='ltr'>peoora</span> <span class='ocrx_word' id='word_1_112' title='bbox 921 1949 1075 2032; x_wconf 87' lang='lat' dir='ltr'>quaedam</span> <span class='ocrx_word' id='word_1_113' title='bbox 1100 1949 1245 2012; x_wconf 87' lang='lat' dir='ltr'>diuersae</span> <span class='ocrx_word' id='word_1_114' title='bbox 1270 1949 1336 2012; x_wconf 85' lang='lat' dir='ltr'>sint</span> <span class='ocrx_word' id='word_1_115' title='bbox 1361 1968 1425 2013; x_wconf 90' lang='lat' dir='ltr'>oor-</span> 
     </span>
    </p>

    <p class='ocr_par' dir='ltr' id='par_1_5' title="bbox 278 2054 1465 2458">
     <span class='ocr_line' id='line_1_15' title="bbox 279 2054 1424 2140; baseline -0.002 -20"><span class='ocrx_word' id='word_1_116' title='bbox 279 2056 365 2138; x_wconf 89' lang='lat' dir='ltr'>poris</span> <span class='ocrx_word' id='word_1_117' title='bbox 398 2057 562 2138; x_wconf 83' lang='lat' dir='ltr'>passiones</span> <span class='ocrx_word' id='word_1_118' title='bbox 596 2057 649 2120; x_wconf 89' lang='lat' dir='ltr'>uel</span> <span class='ocrx_word' id='word_1_119' title='bbox 685 2057 934 2121; x_wconf 82' lang='lat' dir='ltr'>turbulentiores</span> <span class='ocrx_word' id='word_1_120' title='bbox 974 2057 1027 2120; x_wconf 92' lang='lat' dir='ltr'>uel</span> <span class='ocrx_word' id='word_1_121' title='bbox 1065 2057 1159 2120; x_wconf 83' lang='lat' dir='ltr'>etiam</span> <span class='ocrx_word' id='word_1_122' title='bbox 1197 2054 1424 2140; x_wconf 83' lang='lat' dir='ltr'>languidiores.</span> 
     </span>
     <span class='ocr_line' id='line_1_16' title="bbox 279 2161 1465 2244; baseline 0.003 -20"><span class='ocrx_word' id='word_1_123' title='bbox 279 2161 424 2224; x_wconf 88' lang='lat' dir='ltr'>uolatilia</span> <span class='ocrx_word' id='word_1_124' title='bbox 447 2165 554 2225; x_wconf 89' lang='lat' dir='ltr'>autem</span> <span class='ocrx_word' id='word_1_125' title='bbox 579 2161 656 2225; x_wconf 87' lang='lat' dir='ltr'>oaeli</span> <span class='ocrx_word' id='word_1_126' title='bbox 679 2162 755 2244; x_wconf 92' lang='lat' dir='ltr'>quid</span> <span class='ocrx_word' id='word_1_127' title='bbox 779 2161 865 2226; x_wconf 87' lang='lat' dir='ltr'>alind</span> <span class='ocrx_word' id='word_1_128' title='bbox 894 2163 1100 2226; x_wconf 84' lang='lat' dir='ltr'>aestimamus</span> <span class='ocrx_word' id='word_1_129' title='bbox 1123 2161 1184 2226; x_wconf 89' lang='lat' dir='ltr'>nisi</span> <span class='ocrx_word' id='word_1_130' title='bbox 1207 2161 1317 2225; x_wconf 87' lang='lat' dir='ltr'>inanes</span> <span class='ocrx_word' id='word_1_131' title='bbox 1342 2162 1465 2244; x_wconf 74' lang='lat' dir='ltr'>cogi-1⁵</span> 
     </span>
     <span class='ocr_line' id='line_1_17' title="bbox 278 2267 1425 2351; baseline -0.001 -19"><span class='ocrx_word' id='word_1_132' title='bbox 278 2269 426 2345; x_wconf 85' lang='lat' dir='ltr'>tationes,</span> <span class='ocrx_word' id='word_1_133' title='bbox 458 2286 537 2351; x_wconf 86' lang='lat' dir='ltr'>qnae</span> <span class='ocrx_word' id='word_1_134' title='bbox 568 2271 660 2334; x_wconf 88' lang='lat' dir='ltr'>uelut</span> <span class='ocrx_word' id='word_1_135' title='bbox 687 2268 871 2334; x_wconf 87' lang='lat' dir='ltr'>uolatilium</span> <span class='ocrx_word' id='word_1_136' title='bbox 902 2288 987 2334; x_wconf 91' lang='lat' dir='ltr'>more</span> <span class='ocrx_word' id='word_1_137' title='bbox 1019 2271 1159 2333; x_wconf 84' lang='lat' dir='ltr'>nostram</span> <span class='ocrx_word' id='word_1_138' title='bbox 1194 2267 1425 2332; x_wconf 86' lang='lat' dir='ltr'>oiroumuolant</span> 
     </span>
     <span class='ocr_line' id='line_1_18' title="bbox 280 2373 1423 2458; baseline -0.002 -20"><span class='ocrx_word' id='word_1_139' title='bbox 280 2377 416 2439; x_wconf 91' lang='lat' dir='ltr'>animam</span> <span class='ocrx_word' id='word_1_140' title='bbox 445 2380 477 2440; x_wconf 93' lang='lat' dir='ltr'>et</span> <span class='ocrx_word' id='word_1_141' title='bbox 503 2377 566 2439; x_wconf 89' lang='lat' dir='ltr'>huo</span> <span class='ocrx_word' id='word_1_142' title='bbox 596 2379 691 2458; x_wconf 88' lang='lat' dir='ltr'>atque</span> <span class='ocrx_word' id='word_1_143' title='bbox 718 2376 796 2440; x_wconf 90' lang='lat' dir='ltr'>illno</span> <span class='ocrx_word' id='word_1_144' title='bbox 827 2377 915 2440; x_wconf 86' lang='lat' dir='ltr'>uario</span> <span class='ocrx_word' id='word_1_145' title='bbox 946 2379 1036 2440; x_wconf 86' lang='lat' dir='ltr'>motu</span> <span class='ocrx_word' id='word_1_146' title='bbox 1066 2393 1161 2458; x_wconf 87' lang='lat' dir='ltr'>saepo</span> <span class='ocrx_word' id='word_1_147' title='bbox 1190 2373 1423 2438; x_wconf 81' lang='lat' dir='ltr'>transducunt?</span> 
     </span>
    </p>
   </div>
   <div class='ocr_carea' id='block_1_3' title="bbox 232 2481 1497 3102">
    <p class='ocr_par' dir='ltr' id='par_1_6' title="bbox 232 2481 1497 3102">
     <span class='ocr_line' id='line_1_19' title="bbox 277 2481 1424 2569; baseline -0.002 -22"><span class='ocrx_word' id='word_1_148' title='bbox 277 2486 442 2565; x_wconf 87' lang='lat' dir='ltr'>propterea</span> <span class='ocrx_word' id='word_1_149' title='bbox 474 2483 581 2569; x_wconf 89' lang='lat' dir='ltr'>nullus</span> <span class='ocrx_word' id='word_1_150' title='bbox 614 2483 763 2547; x_wconf 90' lang='lat' dir='ltr'>iuuentus</span> <span class='ocrx_word' id='word_1_151' title='bbox 796 2487 845 2547; x_wconf 90' lang='lat' dir='ltr'>est</span> <span class='ocrx_word' id='word_1_152' title='bbox 873 2483 972 2547; x_wconf 85' lang='lat' dir='ltr'>menti</span> <span class='ocrx_word' id='word_1_153' title='bbox 996 2487 1122 2547; x_wconf 84' lang='lat' dir='ltr'>nostrae</span> <span class='ocrx_word' id='word_1_154' title='bbox 1147 2481 1262 2546; x_wconf 89' lang='lat' dir='ltr'>similis</span> <span class='ocrx_word' id='word_1_155' title='bbox 1297 2481 1424 2545; x_wconf 87' lang='lat' dir='ltr'>adiutor</span> 
     </span>
     <span class='ocr_line' id='line_1_20' title="bbox 276 2587 1497 2674; baseline -0.003 -20"><span class='ocrx_word' id='word_1_156' title='bbox 276 2590 339 2654; x_wconf 90' lang='lat' dir='ltr'>nisi</span> <span class='ocrx_word' id='word_1_157' title='bbox 362 2609 486 2668; x_wconf 81' lang='lat' dir='ltr'>sensus,</span> <span class='ocrx_word' id='word_1_158' title='bbox 510 2592 570 2654; x_wconf 91' lang='lat' dir='ltr'>hoo</span> <span class='ocrx_word' id='word_1_159' title='bbox 594 2594 643 2654; x_wconf 81' lang='lat' dir='ltr'>est</span> <span class='ocrx_word' id='word_1_160' title='bbox 671 2587 819 2674; x_wconf 76' lang='grc' dir='ltr'>αἴσθησις.</span> <span class='ocrx_word' id='word_1_161' title='bbox 850 2590 987 2655; x_wconf 90' lang='lat' dir='ltr'>similem</span> <span class='ocrx_word' id='word_1_162' title='bbox 1011 2589 1071 2652; x_wconf 90' lang='lat' dir='ltr'>sibi</span> <span class='ocrx_word' id='word_1_163' title='bbox 1096 2589 1196 2653; x_wconf 88' lang='lat' dir='ltr'>solam</span> <span class='ocrx_word' id='word_1_164' title='bbox 1220 2597 1291 2659; x_wconf 70' lang='grc' dir='ltr'>νοῦς</span> <span class='ocrx_word' id='word_1_165' title='bbox 1316 2593 1424 2654; x_wconf 83' lang='lat' dir='ltr'>noster</span> <span class='ocrx_word' id='word_1_166' title='bbox 1478 2599 1497 2650; x_wconf 79' lang='lat' dir='ltr'><strong>B</strong></span> 
     </span>
     <span class='ocr_line' id='line_1_21' title="bbox 276 2696 1463 2778; baseline 0.004 -19"><span class='ocrx_word' id='word_1_167' title='bbox 276 2697 382 2778; x_wconf 89' lang='lat' dir='ltr'>potuit</span> <span class='ocrx_word' id='word_1_168' title='bbox 405 2696 557 2760; x_wconf 89' lang='lat' dir='ltr'>inuenire.</span> <span class='ocrx_word' id='word_1_169' title='bbox 1440 2715 1463 2752; x_wconf 74' lang='lat'>²⁰</span> 
     </span>
     <span class='ocr_line' id='line_1_22' title="bbox 232 2799 1422 2887; baseline -0.003 -18"><span class='ocrx_word' id='word_1_170' title='bbox 232 2799 273 2860; x_wconf 80' lang='grc'>52</span> <span class='ocrx_word' id='word_1_171' title='bbox 322 2804 384 2869; x_wconf 85' lang='lat' dir='ltr'>Sed</span> <span class='ocrx_word' id='word_1_172' title='bbox 412 2805 493 2870; x_wconf 82' lang='lat' dir='ltr'>forto</span> <span class='ocrx_word' id='word_1_173' title='bbox 524 2823 639 2887; x_wconf 86' lang='lat' dir='ltr'>arguas</span> <span class='ocrx_word' id='word_1_174' title='bbox 670 2805 745 2887; x_wconf 91' lang='lat' dir='ltr'>qnia</span> <span class='ocrx_word' id='word_1_175' title='bbox 772 2805 848 2868; x_wconf 85' lang='lat' dir='ltr'>hnoo</span> <span class='ocrx_word' id='word_1_176' title='bbox 878 2823 1002 2886; x_wconf 88' lang='lat' dir='ltr'>quoqne</span> <span class='ocrx_word' id='word_1_177' title='bbox 1033 2803 1111 2868; x_wconf 86' lang='lat' dir='ltr'>deus</span> <span class='ocrx_word' id='word_1_178' title='bbox 1139 2801 1171 2866; x_wconf 92' lang='lat' dir='ltr'>in</span> <span class='ocrx_word' id='word_1_179' title='bbox 1194 2803 1252 2866; x_wconf 86' lang='lat' dir='ltr'>tali</span> <span class='ocrx_word' id='word_1_180' title='bbox 1276 2802 1422 2884; x_wconf 88' lang='lat' dir='ltr'>paradiso</span> 
     </span>
     <span class='ocr_line' id='line_1_23' title="bbox 274 2908 1422 2994; baseline -0.001 -21"><span class='ocrx_word' id='word_1_181' title='bbox 274 2911 405 2987; x_wconf 74' lang='lat' dir='ltr'>locauit,</span> <span class='ocrx_word' id='word_1_182' title='bbox 438 2911 499 2976; x_wconf 87' lang='lat' dir='ltr'>hoo</span> <span class='ocrx_word' id='word_1_183' title='bbox 532 2915 581 2975; x_wconf 88' lang='lat' dir='ltr'>est</span> <span class='ocrx_word' id='word_1_184' title='bbox 613 2913 779 2994; x_wconf 88' lang='lat' dir='ltr'>passiones</span> <span class='ocrx_word' id='word_1_185' title='bbox 812 2911 952 2994; x_wconf 84' lang='lat' dir='ltr'>corporis</span> <span class='ocrx_word' id='word_1_186' title='bbox 987 2913 1020 2974; x_wconf 87' lang='lat' dir='ltr'>et</span> <span class='ocrx_word' id='word_1_187' title='bbox 1051 2908 1228 2974; x_wconf 90' lang='lat' dir='ltr'>uanitatem</span> <span class='ocrx_word' id='word_1_188' title='bbox 1266 2909 1422 2991; x_wconf 88' lang='lat' dir='ltr'>quandam</span> 
     </span>
     <span class='ocr_line' id='line_1_24' title="bbox 274 3015 1421 3102; baseline -0.002 -22"><span class='ocrx_word' id='word_1_189' title='bbox 274 3019 497 3080; x_wconf 77' lang='lat' dir='ltr'>fluctuantium</span> <span class='ocrx_word' id='word_1_190' title='bbox 522 3019 575 3082; x_wconf 91' lang='lat' dir='ltr'>uel</span> <span class='ocrx_word' id='word_1_191' title='bbox 594 3019 733 3082; x_wconf 90' lang='lat' dir='ltr'>inanium</span> <span class='ocrx_word' id='word_1_192' title='bbox 754 3017 994 3102; x_wconf 83' lang='lat' dir='ltr'>cogitationum,</span> <span class='ocrx_word' id='word_1_193' title='bbox 1016 3017 1099 3099; x_wconf 93' lang='lat' dir='ltr'>quod</span> <span class='ocrx_word' id='word_1_194' title='bbox 1118 3017 1187 3099; x_wconf 89' lang='lat' dir='ltr'>ipse</span> <span class='ocrx_word' id='word_1_195' title='bbox 1208 3016 1310 3080; x_wconf 85' lang='lat' dir='ltr'>nostri</span> <span class='ocrx_word' id='word_1_196' title='bbox 1326 3015 1421 3079; x_wconf 86' lang='lat' dir='ltr'>fuerit</span> 
     </span>
    </p>
   </div>
   <div class='ocr_carea' id='block_1_4' title="bbox 366 3294 1331 3367">
    <p class='ocr_par' dir='ltr' id='par_1_7' title="bbox 366 3294 1331 3367">
     <span class='ocr_line' id='line_1_25' title="bbox 366 3294 1331 3367; baseline -0.001 -19"><span class='ocrx_word' id='word_1_197' title='bbox 366 3297 398 3349; x_wconf 86' lang='lat'>13</span> <span class='ocrx_word' id='word_1_198' title='bbox 417 3296 496 3348; x_wconf 86' lang='lat' dir='ltr'>Philo</span> <span class='ocrx_word' id='word_1_199' title='bbox 516 3296 600 3366; x_wconf 86' lang='lat' dir='ltr'>Legg.</span> <span class='ocrx_word' id='word_1_200' title='bbox 621 3297 702 3367; x_wconf 81' lang='lat' dir='ltr'>alleg.</span> <span class='ocrx_word' id='word_1_201' title='bbox 721 3297 748 3349; x_wconf 90' lang='grc' dir='ltr'>ΙΙ</span> <span class='ocrx_word' id='word_1_202' title='bbox 767 3299 784 3350; x_wconf 82' lang='grc'><strong>4</strong></span> <span class='ocrx_word' id='word_1_203' title='bbox 804 3298 846 3360; x_wconf 85' lang='grc'>68,</span> <span class='ocrx_word' id='word_1_204' title='bbox 866 3296 900 3350; x_wconf 85' lang='lat'>30</span> <span class='ocrx_word' id='word_1_205' title='bbox 921 3301 948 3350; x_wconf 89' lang='lat' dir='ltr'>et</span> <span class='ocrx_word' id='word_1_206' title='bbox 966 3298 1015 3360; x_wconf 80' lang='lat'>42;</span> <span class='ocrx_word' id='word_1_207' title='bbox 1035 3296 1048 3350; x_wconf 93' lang='grc' dir='ltr'>Ι</span> <span class='ocrx_word' id='word_1_208' title='bbox 1068 3297 1111 3358; x_wconf 87' lang='grc'>92,</span> <span class='ocrx_word' id='word_1_209' title='bbox 1132 3296 1165 3349; x_wconf 87' lang='grc'>13</span> <span class='ocrx_word' id='word_1_210' title='bbox 1186 3299 1214 3348; x_wconf 85' lang='lat' dir='ltr'>et</span> <span class='ocrx_word' id='word_1_211' title='bbox 1232 3295 1264 3348; x_wconf 84' lang='lat'>21</span> <span class='ocrx_word' id='word_1_212' title='bbox 1289 3294 1331 3358; x_wconf 75' lang='lat'>0.)</span> 
     </span>
    </p>
   </div>
   <div class='ocr_carea' id='block_1_5' title="bbox 271 3487 1419 4442">
    <p class='ocr_par' dir='ltr' id='par_1_8' title="bbox 271 3487 1419 4442">
     <span class='ocr_line' id='line_1_26' title="bbox 312 3487 1419 3558; baseline -0.004 -16"><span class='ocrx_word' id='word_1_213' title='bbox 312 3491 410 3558; x_wconf 89' lang='lat' dir='ltr'>lquia</span> <span class='ocrx_word' id='word_1_214' title='bbox 427 3489 455 3544; x_wconf 82' lang='lat' dir='ltr'><em>R</em></span> <span class='ocrx_word' id='word_1_215' title='bbox 526 3490 571 3542; x_wconf 85' lang='lat' dir='ltr'>uel</span> <span class='ocrx_word' id='word_1_216' title='bbox 589 3490 613 3542; x_wconf 89' lang='lat' dir='ltr'>si</span> <span class='ocrx_word' id='word_1_217' title='bbox 631 3489 695 3544; x_wconf 79' lang='grc' dir='ltr'>ΒΜ</span> <span class='ocrx_word' id='word_1_218' title='bbox 783 3490 971 3544; x_wconf 88' lang='lat' dir='ltr'>3looarentnr</span> <span class='ocrx_word' id='word_1_219' title='bbox 988 3489 1020 3542; x_wconf 88' lang='lat' dir='ltr'><em>N</em></span> <span class='ocrx_word' id='word_1_220' title='bbox 1089 3487 1230 3541; x_wconf 85' lang='lat' dir='ltr'>uideretur</span> <span class='ocrx_word' id='word_1_221' title='bbox 1252 3487 1278 3541; x_wconf 88' lang='lat' dir='ltr'><em>V</em></span> <span class='ocrx_word' id='word_1_222' title='bbox 1295 3492 1335 3554; x_wconf 88' lang='lat' dir='ltr'>(re</span> <span class='ocrx_word' id='word_1_223' title='bbox 1353 3507 1376 3544; x_wconf 84' lang='lat' dir='ltr'>s.</span> <span class='ocrx_word' id='word_1_224' title='bbox 1394 3505 1419 3540; x_wconf 84' lang='lat' dir='ltr'>u.</span> 
     </span>
     <span class='ocr_line' id='line_1_27' title="bbox 272 3577 1419 3646; baseline -0.002 -14"><span class='ocrx_word' id='word_1_225' title='bbox 272 3580 374 3640; x_wconf 69' lang='grc'><strong>111211)</strong></span> <span class='ocrx_word' id='word_1_226' title='bbox 393 3580 434 3643; x_wconf 78' lang='lat' dir='ltr'>(in</span> <span class='ocrx_word' id='word_1_227' title='bbox 454 3586 520 3643; x_wconf 85' lang='lat' dir='ltr'>ras.)</span> <span class='ocrx_word' id='word_1_228' title='bbox 540 3578 667 3632; x_wconf 88' lang='lat' dir='ltr'>uideatur</span> <span class='ocrx_word' id='word_1_229' title='bbox 679 3579 707 3633; x_wconf 86' lang='lat' dir='ltr'><em>R</em></span> <span class='ocrx_word' id='word_1_230' title='bbox 728 3583 877 3646; x_wconf 81' lang='lat' dir='ltr'>(postesse</span> <span class='ocrx_word' id='word_1_231' title='bbox 893 3577 1153 3646; x_wconf 60' lang='lat' dir='ltr'>transpositorum!</span> <span class='ocrx_word' id='word_1_232' title='bbox 1169 3577 1280 3632; x_wconf 85' lang='lat' dir='ltr'>uidetur</span> <span class='ocrx_word' id='word_1_233' title='bbox 1293 3577 1419 3632; x_wconf 67' lang='lat' dir='ltr'><strong><em>SBPP·</em></strong></span> 
     </span>
     <span class='ocr_line' id='line_1_28' title="bbox 272 3664 1419 3736; baseline -0.003 -14"><span class='ocrx_word' id='word_1_234' title='bbox 272 3670 396 3722; x_wconf 66' lang='lat' dir='ltr'>dinatus</span> <span class='ocrx_word' id='word_1_235' title='bbox 414 3670 441 3720; x_wconf 81' lang='lat' dir='ltr'><strong><em>A</em></strong></span> <span class='ocrx_word' id='word_1_236' title='bbox 461 3670 484 3734; x_wconf 92' lang='lat' dir='ltr'>(s</span> <span class='ocrx_word' id='word_1_237' title='bbox 505 3668 553 3724; x_wconf 83' lang='lat' dir='ltr'>alt.</span> <span class='ocrx_word' id='word_1_238' title='bbox 570 3674 668 3734; x_wconf 80' lang='lat' dir='ltr'>postea</span> <span class='ocrx_word' id='word_1_239' title='bbox 687 3667 763 3734; x_wconf 80' lang='lat' dir='ltr'>add.)</span> <span class='ocrx_word' id='word_1_240' title='bbox 820 3667 944 3736; x_wconf 78' lang='lat' dir='ltr'>danime</span> <span class='ocrx_word' id='word_1_241' title='bbox 964 3671 992 3731; x_wconf 88' lang='lat' dir='ltr'>(a</span> <span class='ocrx_word' id='word_1_242' title='bbox 1009 3683 1030 3720; x_wconf 88' lang='lat' dir='ltr'>s.</span> <span class='ocrx_word' id='word_1_243' title='bbox 1052 3671 1076 3732; x_wconf 78' lang='lat' dir='ltr'>e)</span> <span class='ocrx_word' id='word_1_244' title='bbox 1093 3667 1118 3719; x_wconf 80' lang='lat' dir='ltr'><strong><em>A</em></strong></span> <span class='ocrx_word' id='word_1_245' title='bbox 1161 3667 1309 3720; x_wconf 74' lang='lat' dir='ltr'>‘ihominis</span> <span class='ocrx_word' id='word_1_246' title='bbox 1329 3664 1419 3720; x_wconf 76' lang='lat' dir='ltr'>omll</span> 
     </span>
     <span class='ocr_line' id='line_1_29' title="bbox 273 3753 1419 3825; baseline -0.003 -16"><span class='ocrx_word' id='word_1_247' title='bbox 273 3757 290 3809; x_wconf 81' lang='lat'>8</span> <span class='ocrx_word' id='word_1_248' title='bbox 314 3757 508 3825; x_wconf 88' lang='lat' dir='ltr'>pullulanerint</span> <span class='ocrx_word' id='word_1_249' title='bbox 532 3757 552 3819; x_wconf 82' lang='lat' dir='ltr'>(i</span> <span class='ocrx_word' id='word_1_250' title='bbox 575 3771 608 3808; x_wconf 81' lang='lat' dir='ltr'>ex</span> <span class='ocrx_word' id='word_1_251' title='bbox 631 3757 659 3825; x_wconf 91' lang='lat' dir='ltr'>u)</span> <span class='ocrx_word' id='word_1_252' title='bbox 683 3755 709 3807; x_wconf 86' lang='lat' dir='ltr'><strong><em>V</em></strong></span> <span class='ocrx_word' id='word_1_253' title='bbox 815 3759 842 3808; x_wconf 86' lang='lat' dir='ltr'>ot</span> <span class='ocrx_word' id='word_1_254' title='bbox 861 3769 905 3822; x_wconf 81' lang='lat' dir='ltr'>pr.</span> <span class='ocrx_word' id='word_1_255' title='bbox 926 3771 975 3811; x_wconf 85' lang='lat' dir='ltr'>om.</span> <span class='ocrx_word' id='word_1_256' title='bbox 996 3755 1091 3810; x_wconf 78' lang='lat' dir='ltr'>RMG‘</span> <span class='ocrx_word' id='word_1_257' title='bbox 1200 3753 1234 3807; x_wconf 87' lang='lat' dir='ltr'>ad</span> <span class='ocrx_word' id='word_1_258' title='bbox 1254 3753 1304 3807; x_wconf 81' lang='lat' dir='ltr'>alt.</span> <span class='ocrx_word' id='word_1_259' title='bbox 1323 3770 1374 3808; x_wconf 85' lang='lat' dir='ltr'>om.</span> <span class='ocrx_word' id='word_1_260' title='bbox 1393 3753 1419 3805; x_wconf 85' lang='lat' dir='ltr'><em>R</em></span> 
     </span>
     <span class='ocr_line' id='line_1_30' title="bbox 272 3842 1418 3912; baseline -0.003 -14"><span class='ocrx_word' id='word_1_261' title='bbox 272 3848 351 3899; x_wconf 85' lang='lat' dir='ltr'>9est</span> <span class='ocrx_word' id='word_1_262' title='bbox 369 3863 389 3898; x_wconf 85' lang='lat' dir='ltr'>s.</span> <span class='ocrx_word' id='word_1_263' title='bbox 409 3863 437 3898; x_wconf 84' lang='lat' dir='ltr'>u.</span> <span class='ocrx_word' id='word_1_264' title='bbox 457 3847 484 3898; x_wconf 81' lang='lat' dir='ltr'><em>A</em></span> <span class='ocrx_word' id='word_1_265' title='bbox 541 3845 573 3898; x_wconf 89' lang='grc'>10</span> <span class='ocrx_word' id='word_1_266' title='bbox 592 3845 703 3908; x_wconf 83' lang='lat' dir='ltr'>uirtutis</span> <span class='ocrx_word' id='word_1_267' title='bbox 723 3846 749 3897; x_wconf 89' lang='lat' dir='ltr'><em>A</em></span> <span class='ocrx_word' id='word_1_268' title='bbox 824 3847 851 3898; x_wconf 86' lang='lat' dir='ltr'>et</span> <span class='ocrx_word' id='word_1_269' title='bbox 869 3861 922 3896; x_wconf 90' lang='lat' dir='ltr'>non</span> <span class='ocrx_word' id='word_1_270' title='bbox 942 3843 999 3897; x_wconf 85' lang='lat' dir='ltr'>Bl)</span> <span class='ocrx_word' id='word_1_271' title='bbox 1071 3843 1130 3912; x_wconf 85' lang='lat' dir='ltr'>sed]</span> <span class='ocrx_word' id='word_1_272' title='bbox 1151 3859 1245 3896; x_wconf 83' lang='lat' dir='ltr'>nerum</span> <span class='ocrx_word' id='word_1_273' title='bbox 1264 3842 1314 3896; x_wconf 84' lang='lat' dir='ltr'>SB</span> <span class='ocrx_word' id='word_1_274' title='bbox 1333 3849 1359 3895; x_wconf 82' lang='lat' dir='ltr'>et</span> <span class='ocrx_word' id='word_1_275' title='bbox 1377 3847 1418 3908; x_wconf 81' lang='lat' dir='ltr'>(ar</span> 
     </span>
     <span class='ocr_line' id='line_1_31' title="bbox 272 3931 1417 4002; baseline -0.003 -15"><span class='ocrx_word' id='word_1_276' title='bbox 272 3951 336 3988; x_wconf 88' lang='lat' dir='ltr'>uero</span> <span class='ocrx_word' id='word_1_277' title='bbox 356 3938 412 3999; x_wconf 73' lang='lat' dir='ltr'>nr2&#39;)</span> <span class='ocrx_word' id='word_1_278' title='bbox 433 3935 467 3986; x_wconf 83' lang='lat' dir='ltr'>P‘</span> <span class='ocrx_word' id='word_1_279' title='bbox 506 3935 539 3988; x_wconf 86' lang='lat'>13</span> <span class='ocrx_word' id='word_1_280' title='bbox 559 3934 614 4002; x_wconf 77' lang='lat' dir='ltr'>nel}</span> <span class='ocrx_word' id='word_1_281' title='bbox 636 3935 664 3985; x_wconf 88' lang='lat' dir='ltr'>et</span> <span class='ocrx_word' id='word_1_282' title='bbox 682 3933 710 3988; x_wconf 90' lang='lat' dir='ltr'><em>R</em></span> <span class='ocrx_word' id='word_1_283' title='bbox 764 3949 907 4002; x_wconf 84' lang='lat' dir='ltr'>corporeae</span> <span class='ocrx_word' id='word_1_284' title='bbox 926 3933 954 3987; x_wconf 84' lang='lat' dir='ltr'><em>R</em></span> <span class='ocrx_word' id='word_1_285' title='bbox 991 3935 1025 3986; x_wconf 90' lang='grc'>14</span> <span class='ocrx_word' id='word_1_286' title='bbox 1044 3932 1126 3986; x_wconf 85' lang='lat' dir='ltr'>etlam</span> <span class='ocrx_word' id='word_1_287' title='bbox 1146 3949 1198 3988; x_wconf 87' lang='lat' dir='ltr'>om.</span> <span class='ocrx_word' id='word_1_288' title='bbox 1217 3931 1244 3984; x_wconf 90' lang='lat' dir='ltr'><strong><em>B</em></strong></span> <span class='ocrx_word' id='word_1_289' title='bbox 1282 3931 1315 3985; x_wconf 81' lang='lat'>17</span> <span class='ocrx_word' id='word_1_290' title='bbox 1331 3931 1417 3984; x_wconf 74' lang='lat' dir='ltr'>uarios</span> 
     </span>
     <span class='ocr_line' id='line_1_32' title="bbox 271 4020 1418 4092; baseline -0.003 -16"><span class='ocrx_word' id='word_1_291' title='bbox 271 4028 361 4076; x_wconf 87' lang='lat' dir='ltr'>motus</span> <span class='ocrx_word' id='word_1_292' title='bbox 386 4023 472 4076; x_wconf 70' lang='grc' dir='ltr'>ΑΗ)</span> <span class='ocrx_word' id='word_1_293' title='bbox 499 4024 573 4075; x_wconf 91' lang='lat' dir='ltr'>uario</span> <span class='ocrx_word' id='word_1_294' title='bbox 600 4025 688 4085; x_wconf 74' lang='lat' dir='ltr'>mot-ns</span> <span class='ocrx_word' id='word_1_295' title='bbox 714 4023 742 4074; x_wconf 87' lang='lat' dir='ltr'><em>P</em></span> <span class='ocrx_word' id='word_1_296' title='bbox 849 4022 1027 4075; x_wconf 77' lang='lat' dir='ltr'>transducant</span> <span class='ocrx_word' id='word_1_297' title='bbox 1051 4021 1111 4074; x_wconf 77' lang='lat' dir='ltr'>AV</span> <span class='ocrx_word' id='word_1_298' title='bbox 1132 4027 1157 4075; x_wconf 83' lang='lat' dir='ltr'>el</span> <span class='ocrx_word' id='word_1_299' title='bbox 1185 4024 1259 4092; x_wconf 77' lang='lat' dir='ltr'>(unt</span> <span class='ocrx_word' id='word_1_300' title='bbox 1286 4027 1368 4087; x_wconf 85' lang='lat' dir='ltr'>corr.)</span> <span class='ocrx_word' id='word_1_301' title='bbox 1393 4020 1418 4072; x_wconf 87' lang='lat' dir='ltr'><strong><em>P</em></strong></span> 
     </span>
     <span class='ocr_line' id='line_1_33' title="bbox 273 4109 1415 4166; baseline -0.004 -1"><span class='ocrx_word' id='word_1_302' title='bbox 273 4114 306 4165; x_wconf 91' lang='grc'>19</span> <span class='ocrx_word' id='word_1_303' title='bbox 326 4110 502 4166; x_wconf 69' lang='grc'><strong>,18091010</strong></span> <span class='ocrx_word' id='word_1_304' title='bbox 518 4113 540 4164; x_wconf 87' lang='lat' dir='ltr'><em>S</em></span> <span class='ocrx_word' id='word_1_305' title='bbox 557 4111 688 4164; x_wconf 88' lang='lat' dir='ltr'>aesthesis</span> <span class='ocrx_word' id='word_1_306' title='bbox 707 4111 764 4164; x_wconf 87' lang='lat' dir='ltr'>PV</span> <span class='ocrx_word' id='word_1_307' title='bbox 781 4111 873 4164; x_wconf 88' lang='lat' dir='ltr'>ehesin</span> <span class='ocrx_word' id='word_1_308' title='bbox 887 4109 915 4164; x_wconf 86' lang='lat' dir='ltr'><em>R</em></span> <span class='ocrx_word' id='word_1_309' title='bbox 934 4111 1051 4164; x_wconf 86' lang='lat' dir='ltr'>aostesin</span> <span class='ocrx_word' id='word_1_310' title='bbox 1065 4111 1099 4163; x_wconf 67' lang='lat' dir='ltr'>P</span> <span class='ocrx_word' id='word_1_311' title='bbox 1119 4110 1238 4164; x_wconf 62' lang='lat' dir='ltr'>athe»...</span> <span class='ocrx_word' id='word_1_312' title='bbox 1252 4111 1288 4164; x_wconf 86' lang='lat' dir='ltr'><em>M</em></span> <span class='ocrx_word' id='word_1_313' title='bbox 1306 4110 1415 4164; x_wconf 81' lang='lat' dir='ltr'>aestesis</span> 
     </span>
     <span class='ocr_line' id='line_1_34' title="bbox 271 4197 1415 4269; baseline -0.002 -16"><span class='ocrx_word' id='word_1_314' title='bbox 271 4201 316 4254; x_wconf 84' lang='lat' dir='ltr'>uel</span> <span class='ocrx_word' id='word_1_315' title='bbox 335 4202 429 4254; x_wconf 82' lang='lat' dir='ltr'>estesis</span> <span class='ocrx_word' id='word_1_316' title='bbox 449 4207 497 4256; x_wconf 84' lang='lat' dir='ltr'>cet.</span> <span class='ocrx_word' id='word_1_317' title='bbox 569 4197 665 4255; x_wconf 72' lang='lat' dir='ltr'>Note</span> <span class='ocrx_word' id='word_1_318' title='bbox 684 4201 721 4253; x_wconf 82' lang='lat' dir='ltr'><strong><em>M</em></strong></span> <span class='ocrx_word' id='word_1_319' title='bbox 738 4199 836 4254; x_wconf 83' lang='lat' dir='ltr'>NnHC</span> <span class='ocrx_word' id='word_1_320' title='bbox 852 4200 874 4252; x_wconf 75' lang='lat' dir='ltr'><strong><em>S</em></strong></span> <span class='ocrx_word' id='word_1_321' title='bbox 890 4217 957 4269; x_wconf 75' lang='lat' dir='ltr'>noys</span> <span class='ocrx_word' id='word_1_322' title='bbox 977 4205 1024 4254; x_wconf 82' lang='lat' dir='ltr'>cet.</span> <span class='ocrx_word' id='word_1_323' title='bbox 1080 4201 1114 4252; x_wconf 80' lang='lat'>22</span> <span class='ocrx_word' id='word_1_324' title='bbox 1134 4199 1317 4268; x_wconf 85' lang='lat' dir='ltr'>possessiones</span> <span class='ocrx_word' id='word_1_325' title='bbox 1336 4197 1415 4252; x_wconf 83' lang='lat' dir='ltr'>APD</span> 
     </span>
     <span class='ocr_line' id='line_1_35' title="bbox 272 4285 1414 4359; baseline -0.003 -19"><span class='ocrx_word' id='word_1_326' title='bbox 272 4289 627 4356; x_wconf 69' lang='lat' dir='ltr'>et(rorr.lm1Vrn2(”</span> <span class='ocrx_word' id='word_1_327' title='bbox 700 4290 735 4342; x_wconf 83' lang='lat'>23</span> <span class='ocrx_word' id='word_1_328' title='bbox 754 4290 805 4359; x_wconf 85' lang='lat' dir='ltr'>ipsi</span> <span class='ocrx_word' id='word_1_329' title='bbox 825 4289 917 4342; x_wconf 81' lang='lat' dir='ltr'><strong><em>AC‘I)</em></strong></span> <span class='ocrx_word' id='word_1_330' title='bbox 989 4289 1081 4341; x_wconf 85' lang='lat' dir='ltr'>noster</span> <span class='ocrx_word' id='word_1_331' title='bbox 1099 4287 1126 4342; x_wconf 85' lang='lat' dir='ltr'><em>R</em></span> <span class='ocrx_word' id='word_1_332' title='bbox 1198 4285 1300 4340; x_wconf 81' lang='lat' dir='ltr'>inerint</span> <span class='ocrx_word' id='word_1_333' title='bbox 1319 4287 1375 4340; x_wconf 80' lang='lat' dir='ltr'>AI}</span> <span class='ocrx_word' id='word_1_334' title='bbox 1392 4292 1414 4338; x_wconf 86' lang='lat' dir='ltr'>el</span> 
     </span>
     <span class='ocr_line' id='line_1_36' title="bbox 271 4377 494 4442; baseline 0.004 -14"><span class='ocrx_word' id='word_1_335' title='bbox 271 4384 300 4439; x_wconf 79' lang='lat' dir='ltr'>(n</span> <span class='ocrx_word' id='word_1_336' title='bbox 321 4377 370 4429; x_wconf 80' lang='lat' dir='ltr'>del.</span> <span class='ocrx_word' id='word_1_337' title='bbox 390 4377 494 4442; x_wconf 82' lang='lat' dir='ltr'>m2)·l’</span> 
     </span>
    </p>
   </div>
   <div class='ocr_carea' id='block_1_6' title="bbox 0 0 1576 4967">
    <p class='ocr_par' dir='ltr' id='par_1_9' title="bbox 0 0 1576 4967">
     <span class='ocr_line' id='line_1_37' title="bbox 0 0 1576 4967; baseline 0 4"><span class='ocrx_word' id='word_1_338' title='bbox 0 0 1576 4967; x_wconf 95' lang='lat' dir='ltr'> </span> 
     </span>
    </p>
   </div>
  </div>
 </body>
</html>
