3142 4967
264 449 331 512 398
748 443 947 498 Ambrosii

262 640 436 705 confirmet.
467 640 551 723 quod
579 659 640 704 nou
669 640 771 704 otiose
799 639 912 704 tritum
935 657 972 702 ac
996 638 1132 721 politum
1157 639 1349 721 accepimus,
1374 659 1409 704 eo

263 747 349 830 quod
380 747 565 812 caelestium
599 747 827 830 scripturarum
860 745 999 828 alloquia
1031 745 1087 810 diu
1119 749 1220 810 terere
1248 765 1284 810 ac
1311 746 1409 829 polire

264 855 416 919 debemus
445 858 515 920 tot-o
543 855 646 919 animo
675 859 707 918 01
734 853 827 918 corde
851 856 1026 933 uersantes,
1051 856 1088 916 ut
1120 871 1218 918 sucus
1240 852 1296 916 ille
1321 853 1410 935 spiri·

261 962 337 1026 talis
366 962 427 1026 cibi
454 962 486 1026 in
515 980 625 1026 omnes
653 979 687 1024 se
715 979 813 1024 uenas
842 959 964 1024 animae
992 959 1157 1025 diffundat.
1182 979 1256 1044 ergo
1281 959 1310 1023 si
1333 961 1411 1024 bam·
1466 967 1481 1019 F

262 1089 358 1151 quam
390 1067 567 1151 pubescens
600 1067 762 1132 adolescat
793 1067 883 1144 fides,
916 1085 996 1149 quae
1029 1066 1188 1131 defectum
1215 1067 1410 1132 senescentis
1440 1087 1450 1125 0
1542 1047 1543 1142 (

263 1175 442 1240 deuotionis
474 1176 601 1258 ableget
628 1177 661 1239 et
689 1173 804 1256 spiritu
833 1174 956 1238 ierueat
983 1175 1015 1237 01
1042 1191 1180 1255 congrua
1208 1173 1410 1239 distinctione

260 1285 407 1346 teneatur
429 1301 577 1365 mensura
598 1281 759 1366 legitimae
784 1279 961 1357 diuisiouis‚
982 1283 1014 1344 01
1032 1279 1205 1346 assiduitas
1224 1281 1411 1346 conmendet
1542 1285 1543 1370 (

262 1388 407 1473 gratiam,
431 1392 507 1452 tuuc
530 1387 567 1451 fit
589 1387 670 1451 illud
693 1388 811 1470 pingue
836 1393 868 1450 et
890 1389 1052 1470 tamquam
1077 1387 1199 1470 adipale
1218 1388 1408 1470 precationis

263 1515 375 1577 genus,
400 1495 437 1559 de
463 1513 524 1576 qno
549 1494 627 1559 dicit
649 1495 818 1577 propheta:
851 1495 1089 1579 inpinguasti
1118 1495 1155 1560 iu
1184 1496 1266 1560 olco
1297 1499 1408 1577 caput
1542 1479 1543 1550 1

262 1621 391 1667 meum.
425 1601 510 1666 sicut
541 1602 625 1665 enim
657 1602 731 1684 agni
764 1603 866 1666 multo
899 1603 982 1667 lacte
1013 1603 1229 1687 pinguescunt
1260 1605 1293 1666 et
1325 1603 1409 1666 sicut
1428 1623 1447 1659 u
1542 1589 1543 1592 ¹

263 1727 339 1773 oues
373 1707 452 1772 bene
488 1712 599 1791 pastae
637 1707 728 1790 adipe
765 1708 877 1786 nitent,
915 1709 961 1772 ita
998 1710 1173 1792 apostolico
1207 1728 1284 1774 suco
1317 1711 1408 1792 pasta

206 1812 251 1874 23
261 1815 404 1879 fidelium
426 1814 609 1898 pinguescit
631 1815 741 1879 oratio.
768 1815 881 1879 horum
907 1815 935 1879 si
959 1815 1042 1880 desit
1064 1815 1185 1898 aliquid
1208 1835 1289 1898 quae
1313 1835 1407 1898 supra

261 1922 408 1999 diximus,
446 1921 636 1986 sacrificium
673 1941 733 1986 uon
769 1923 931 2003 probatur.
964 1922 1099 2004 ideoque
1133 1922 1253 1986 dictum
1287 1925 1337 1988 est
1367 1923 1406 1988 ad

261 2028 353 2094 Cain:
401 2028 431 2092 si
474 2031 577 2093 recte
620 2029 777 2106 offeras,
821 2049 890 2093 noir
933 2029 1041 2094 recte'
1078 2033 1205 2094 autem
1253 2030 1404 2095 diuidas
1445 2039 1516 2092 rur

259 2154 395 2216 namque
420 2135 557 2199 mundus
580 2136 649 2219 ipse
673 2136 823 2200 distincte
847 2137 951 2201 iactus
974 2137 1103 2221 legitur,
1127 2155 1201 2202 cnm
1224 2139 1311 2202 esset
1333 2141 1404 2202 ante
1426 2157 1447 2195 u

259 2242 472 2325 incomposita
498 2262 571 2324 pars
600 2244 680 2320 eins,
709 2242 784 2326 quia
812 2245 912 2307 terra
941 2247 1021 2308 erat
1047 2245 1262 2310 inuisibilis
1293 2249 1328 2310 et
1355 2244 1407 2310 in-

258 2351 466 2432 conposita.
496 2370 607 2432 nempe
644 2351 697 2414 lux
734 2350 872 2434 primum
905 2351 989 2415 facta
1021 2355 1071 2415 cst
1103 2354 1135 2416 et
1166 2352 1297 2416 uocauit
1328 2352 1405 2416 deus

259 2460 365 2521 lucem
395 2461 428 2521 01
454 2456 614 2538 separauit
642 2456 720 2520 deus
748 2456 831 2520 iuter
857 2457 962 2521 lucem
991 2459 1023 2521 01
1049 2459 1195 2522 tenebras
1220 2463 1252 2524 et
1275 2464 1406 2525 uocatae

258 2566 335 2628 suut
365 2565 511 2628 tenebrae
544 2583 613 2630 nox.
648 2567 680 2627 et
711 2583 767 2646 per
795 2564 936 2628 ordinem
965 2564 1091 2649 singula
1118 2565 1204 2647 quod
1231 2567 1314 2632 lacta
1342 2569 1407 2632 sint

258 2670 407 2754 legimus,
445 2671 578 2748 caelum,
616 2676 709 2747 terra,
746 2671 835 2755 ligna
871 2671 1043 2750 fructifera,
1082 2670 1232 2737 animalia
1268 2672 1405 2738 diuersa.
1424 2691 1447 2730 a·

259 2777 434 2842 distributa
466 2781 572 2842 autem
605 2781 680 2842 suut
707 2779 828 2842 leuiora
858 2779 1085 2860 superioribus,
1115 2781 1153 2844 ut
1181 2800 1232 2845 aer
1261 2783 1293 2846 et
1320 2780 1405 2864 iguis

257 2887 292 2947 et
315 2885 461 2968 grauiora
487 2885 699 2961 inferioribus,
727 2886 788 2948 hoc
817 2889 867 2948 est
895 2903 976 2967 aqua
1001 2889 1033 2950 01
1055 2888 1147 2952 terra.
1172 2887 1284 2969 utique
1309 2887 1405 2951 simul
1462 2891 1481 2945 b

256 2992 365 3055 omnia
396 2991 464 3055 fieri
495 2992 604 3056 iubere
640 2991 747 3074 potuit
780 2990 871 3070 deus,
910 2992 967 3056 sed
1003 2993 1240 3058 distinctionem
1279 3013 1405 3058 semare

258 3097 383 3167 maluit,
408 3116 503 3177 quam
526 3117 583 3162 nos
606 3097 639 3160 in
664 3097 812 3160 ouruibus
837 3096 1034 3162 imitaremur
1058 3098 1195 3182 negotiis
1220 3102 1252 3164 01
1271 3100 1405 3164 maxime

255 3203 289 3267 in
314 3203 591 3267 uicissitudiuibus
615 3205 799 3286 gratiarum.
823 3203 853 3267 iu
880 3205 996 3286 quibus
1020 3223 1080 3269 non
1105 3206 1183 3270 satis
1208 3209 1259 3270 001
1278 3207 1446 3270 redderes

258 3309 343 3390 quud
376 3309 544 3392 acceperis,
578 3310 633 3373 sed
666 3310 873 3374 conmendare
907 3311 991 3393 quod
1018 3312 1141 3376 reddas.
1174 3331 1245 3376 nam
1277 3313 1304 3377 si
1333 3314 1405 3395 quis

256 3417 400 3480 debitum
437 3417 543 3480 soluat
579 3420 612 3480 01
648 3416 679 3480 iu
715 3417 878 3483 referendo
920 3418 1017 3482 faciat
1056 3418 1204 3482 iniuriam
1246 3419 1404 3496 creditori,

256 3523 487 3588 intolerabilius
516 3527 566 3587 est·
593 3523 704 3606 utique
732 3543 828 3605 quam
856 3543 917 3589 uon
944 3524 1121 3589 reddidisse
1150 3525 1234 3608 quod
1258 3527 1404 3592 debebat.

256 3649 317 3694 uon
347 3649 421 3714 ergo
450 3631 610 3712 quantitas
638 3631 818 3709 solutionis,
848 3631 904 3695 sed
931 3632 1055 3696 animus
1083 3632 1243 3698 reddentis
1273 3637 1306 3699 01
1329 3653 1403 3715 qua·

345 3875 361 3928 9
380 3873 479 3930 Psalm.
497 3873 578 3928 XXII
596 3876 612 3930 5
669 3876 701 3930 16
721 3874 788 3929 Gen.
810 3876 833 3939 l,
853 3877 869 3930 2
889 3893 947 3945 sqq.

293 3999 305 4051 l
327 3999 479 4068 accepimus
499 3998 584 4054 SBP‘
602 4000 748 4069 accipimus
766 4001 794 4053 P
813 4000 832 4070 (i
846 4017 892 4068 pr.
913 4017 945 4054 ex
964 4002 988 4069 a)
1008 4007 1056 4054 cet.
1106 4003 1123 4055 2
1139 3999 1274 4056 terreres
1321 4003 1338 4056 5
1354 4000 1401 4055 ad·

256 4085 360 4140 alescat
382 4086 461 4140 MM‘
569 4089 729 4141 seniscentis
753 4086 777 4142 S
866 4090 880 4141 7
904 4105 1045 4143 mensurae
1069 4089 1092 4144 S
1114 4095 1139 4155 (e
1164 4090 1213 4143 ult.
1238 4095 1319 4155 erus.)
1338 4089 1401 4143 Pr

253 4175 272 4228 9
291 4175 397 4244 profeta
410 4176 447 4230 M
496 4177 529 4229 12
549 4177 672 4246 superius
686 4177 744 4231 PV
792 4179 826 4231 14
843 4181 917 4230 recte
936 4181 1038 4248 autem]
1056 4195 1100 4232 reo
1120 4181 1158 4247 (te
1177 4183 1269 4234 antem
1287 4185 1350 4245 our.)
1367 4178 1404 4232 Μ

257 4263 291 4316 18
307 4270 376 4330 puto
395 4264 598 4323 lucem<diem>
646 4267 678 4319 21
701 4269 791 4318 autem
810 4282 860 4318 osu.
881 4267 907 4319 B
958 4267 992 4319 24
1011 4267 1221 4321 imitaremusS
1274 4267 1307 4322 26
1327 4270 1400 4322 acci-

256 4351 328 4418 peris
347 4353 369 4405 S
387 4353 540 4422 (corr.m2)
560 4353 594 4405 M
649 4355 683 4407 29
703 4358 731 4408 01
749 4354 813 4422 Βμ,
834 4371 883 4408 om.
904 4360 951 4410 ccl.
