3142 4967
384 437 426 490 De
445 436 512 493 Cain
532 440 560 491 et
577 436 647 491 Abel
665 437 693 491 11
714 438 736 502 1,
756 439 780 495 2.
801 438 817 492 3
856 439 880 505 (Ι
895 441 946 495 205
962 438 1073 494 0-206
1090 441 1131 506 cp.
1281 445 1348 508 379

196 633 358 698 domino.
388 636 419 696 et
446 633 521 714 qnia
548 632 685 698 addidit:
717 651 822 698 omne
850 633 949 716 quod
975 637 1097 717 aperit
1125 634 1279 699 uuluam
1303 634 1348 699 dc

196 739 380 804 armentis
405 744 442 804 et
465 740 509 804 de
531 739 736 823 pecoribus
760 758 853 822 quae
878 741 966 804 srrnt
994 739 1065 804 tibi
1094 741 1345 806 masculinum

196 846 359 928 domiuo,
383 846 522 929 nequid
546 846 751 911 obscuritatis
775 845 891 910 habeat
914 846 1162 912 consideremus.

134 950 152 1010 3
238 953 370 1018 Dixerat
397 954 436 1018 de
462 953 691 1036 principalibus
720 954 987 1038 generationibus,
1011 954 1071 1018 hoc
1097 956 1146 1018 est
1169 955 1270 1037 plenis
1295 973 1344 1019 oa-

165 1061 391 1144 spacibusque
414 1061 556 1138 rationis,
581 1060 704 1125 addidit
727 1059 821 1125 etde
844 1061 1038 1146 gregalibus,
1062 1061 1122 1125 hoc
1145 1064 1195 1125 eet
1212 1060 1343 1143 'reliquis
1372 1068 1398 1121 P

196 1169 288 1232 uelut
313 1168 436 1250 plebeis
465 1168 623 1245 sensibus,
647 1166 703 1250 qui
725 1167 967 1232 inrationalibus
992 1171 1202 1251 conparantur
1224 1167 1343 1232 iumen-

181 1262 246 1339 'tis
284 1294 364 1356 quae
396 1280 502 1341 tamen
540 1295 612 1339 cum
640 1294 659 1338 a
686 1277 806 1340 rectore
844 1274 950 1356 aliquo
989 1274 1213 1358 gubernantur,
1250 1273 1343 1339 facile

194 1385 423 1448 mansuescunt
446 1385 479 1447 et
500 1382 641 1466 inperata
664 1382 775 1464 exequi
799 1385 831 1446 ot
852 1382 965 1466 iugum
990 1382 1096 1448 subire
1121 1382 1211 1447 etad
1230 1399 1342 1447 uocem

194 1489 340 1571 magistri
373 1491 429 1553 ant
461 1491 597 1554 celerare
626 1489 757 1573 gradum
787 1492 843 1553 aut
871 1489 983 1554 sistere
1011 1492 1067 1554 aut
1094 1488 1259 1554 deflectere
1287 1490 1344 1552 aut

158 1618 181 1654 ro
194 1595 301 1677 aliqua
324 1596 433 1660 munia
455 1596 505 1660 sui
529 1596 633 1677 operis
656 1615 736 1678 quae
758 1595 910 1660 iubentur
929 1597 1065 1661 humano
1085 1595 1223 1678 quodam
1242 1596 1341 1660 famu-

194 1703 262 1766 latu
299 1702 386 1767 obire
423 1705 626 1768 consuerunt.
663 1706 790 1767 tautum
827 1704 916 1768 ualet
951 1703 1122 1781 institutio,
1160 1707 1197 1769 ut
1233 1702 1342 1767 uiuoat

194 1811 350 1873 naturam.
373 1809 483 1890 itaque
505 1809 562 1872 illa
584 1828 666 1890 quae
689 1810 884 1874 consortium
907 1813 1033 1876 nostrae
1057 1809 1254 1875 substantiae
1278 1826 1402 1880 nouato
1416 1825 1440 1880 A

194 1915 312 1980 habent
334 1919 512 1999 agnoscunt
533 1919 638 1980 tamen
663 1920 788 2000 nostrae
812 1917 902 1982 uocis
920 1917 1089 1998 imperinm
1109 1920 1151 1994 et,
1172 1935 1244 1982 cum
1264 1935 1340 1981 suae

194 2027 324 2088 naturae
353 2024 506 2088 rationem
535 2023 656 2087 nullam
688 2023 834 2100 habeant,
866 2026 992 2088 nostrae
1024 2024 1177 2089 rationem
1211 2026 1340 2088 naturae

154 2151 177 2189 s
193 2133 367 2212 capessunt
382 2133 415 2192 et
429 2127 661 2211 quodammodo
674 2129 868 2194 transfusam
884 2129 1064 2212 adquirunt.
1080 2149 1177 2214 eqrros
1192 2129 1340 2194 uidemus

193 2235 401 2319 popularibus
427 2235 552 2300 incitari
579 2235 706 2314 studiis,
735 2235 872 2319 gaudere
900 2236 1077 2318 plausibus,
1100 2235 1263 2300 blanditiis
1288 2237 1339 2300 de-

193 2342 304 2407 lectari
332 2342 486 2426 magistri.
513 2345 623 2406 toruos
649 2343 758 2408 leones
786 2343 945 2407 cernimus
972 2345 1147 2407 naturalem
1179 2343 1338 2407 feritatem

194 2451 348 2533 imperat-a
365 2453 488 2514 mutare
506 2448 762 2527 mansuetudine,
782 2469 873 2514 suam
892 2451 1009 2514 rabiem
1031 2449 1194 2531 deponere,
1213 2452 1338 2513 nostros

195 2576 298 2623 mores
331 2575 466 2635 sumere,
499 2560 531 2621 et
563 2575 635 2620 oum
667 2557 731 2621 sint
762 2557 825 2639 ipsi
856 2557 1024 2632 terribiles,
1058 2557 1185 2620 discunt
1212 2555 1336 2619 timere.

152 2685 177 2724 eo
194 2665 337 2729 caeditur
359 2664 456 2742 oanis,
478 2667 517 2729 ut
537 2667 692 2746 pauescat
712 2664 774 2741 leo,
799 2666 832 2728 et
855 2663 909 2745 qui
928 2683 987 2728 sua
1004 2663 1120 2728 iniuria
1137 2665 1338 2746 exasperatur
1363 2679 1390 2732 Β

194 2775 358 2836 coercetur
380 2772 481 2836 aliena
500 2772 694 2853 alteriusque
713 2771 855 2854 exemplo
875 2771 1039 2855 frangitur.
1065 2770 1209 2853 quotiens
1229 2772 1339 2852 parata

193 2877 309 2960 praeda
336 2881 368 2941 et
395 2878 465 2942 cibo
494 2879 588 2943 obuio
620 2879 736 2942 tamem
759 2879 883 2959 perpeti
914 2878 1047 2954 malunt,
1080 2878 1155 2941 dum
1189 2876 1339 2940 offensam

193 2985 340 3069 magistri
368 2988 526 3062 uereutur,
558 2987 704 3067 quotiens
727 2983 890 3065 repentino
914 2984 1033 3068 inpulsi
1055 2989 1145 3048 motu
1169 2985 1277 3067 aperta
1300 2982 1340 3046 ad

193 3111 319 3156 morsus
348 3111 403 3156 ora
429 3093 510 3156 iussi
536 3094 717 3157 resoluunt!
747 3091 794 3155 ita
818 3091 893 3156 dum
917 3094 1043 3156 nostrae
1067 3091 1226 3156 uoluntati
1250 3091 1340 3154 obse-

150 3217 176 3257 ra
194 3202 319 3276 cuntur,
334 3216 409 3262 suae
425 3198 669 3263 obliuisountur.
689 3220 750 3264 non
764 3202 842 3266 item
857 3199 930 3265 illae
949 3201 1033 3265 ferae
1053 3201 1105 3264 uel
1125 3200 1180 3264 illa
1199 3203 1340 3265 armenta

194 3323 347 3387 equorum
367 3305 420 3368 uel
438 3324 538 3389 genus
558 3325 649 3370 omne
669 3309 837 3389 pecudum,
859 3327 939 3390 quac
959 3309 1025 3372 siue
1044 3311 1164 3372 rectore
1183 3311 1341 3390 uagantur

194 3412 259 3476 ullo
284 3413 318 3474 ct
340 3411 425 3477 omni
449 3412 615 3477 domitoris
639 3414 853 3496 gubernaculo
874 3413 1029 3479 destituta
1048 3417 1281 3496 exasperantur.
1308 3418 1340 3478 et
1368 3424 1391 3480 c

284 3671 519 3736 illustrare
608 3673 625 3724 4
648 3673 728 3727 Philo
752 3673 785 3726 de
809 3691 875 3728 sacr.
900 3675 934 3728 32
961 3675 1032 3744 (183,
1057 3675 1103 3740 39,
1127 3675 1220 3740 1244,
1243 3678 1274 3732 13
1297 3677 1337 3742 (J.)

194 3761 209 3813 7
227 3759 308 3813 Philo
328 3759 361 3813 de
380 3777 448 3815 sacr.
467 3762 503 3815 32
522 3763 593 3828 (183,
614 3764 661 3826 43;
681 3763 774 3828 1245,
795 3764 810 3816 3
833 3763 874 3834 0.)
983 3765 998 3818 9
1023 3765 1103 3835 Uerg.
1124 3766 1190 3819 rien.
1210 3764 1335 3822 1111641

195 3849 227 3902 16
248 3848 328 3916 Uerg.
349 3849 447 3918 Georg.
465 3849 508 3904 111
528 3851 578 3904 185
598 3868 638 3920 sq.
738 3930 742 3936 ⁵

230 3988 568 4054 2deo.u.P‘,om.V
637 3993 689 4046 tibi
708 3994 807 4047 ocaB
869 3995 1093 4050 5deoor.AA‘
1166 3999 1341 4067 gregibnsB

193 4080 210 4132 6
228 4078 466 4134 inrationabilibus
484 4080 656 4134 MAA‘M‘P
709 4083 739 4136 ll
761 4084 921 4138 constitutio
941 4084 968 4136 B
1033 4087 1065 4140 15
1085 4091 1261 4156 capacessunt
1278 4089 1340 4140 PP'

193 4172 341 4238 capescunt
361 4175 386 4236 (e
405 4185 439 4222 ex
455 4168 476 4236 i)
495 4169 523 4222 B
630 4171 793 4224 transfusam
811 4171 847 4224 P‘
870 4175 1006 4226 transfusa
1025 4179 1071 4230 eet.
1164 4175 1196 4229 17
1216 4175 1340 4228 uidemus

193 4257 309 4311 aronae.
327 4261 427 4311 99999
509 4259 541 4312 ra
560 4259 823 4314 mansuetudinem
901 4263 933 4316 ro
952 4262 993 4316 rur
1011 4263 1039 4315 e
1116 4264 1147 4317 ar
1169 4245 1343 4318 caerulus

193 4348 275 4417 (corr.
295 4346 353 4417 aad)
370 4347 469 4401 ΜΛΝ
488 4348 646 4402 cohercctur
663 4349 690 4401 P
762 4349 926 4419 alteriusque
946 4350 969 4404 S
986 4351 1025 4419 (iu
1045 4368 1078 4406 eo
1096 4351 1125 4420 u)
