3142 4967
481 458 630 513 Enanrcron
648 459 663 512 1
681 460 706 523 4,
727 457 832 513 14-16
869 457 894 525 (Ι
914 460 929 511 7
948 457 1024 512 Ε-8
1043 460 1089 525 D).
1316 462 1356 525 13

210 656 393 733 debeamus,
408 654 462 737 qui
480 654 616 735 imperat
634 652 817 717 nationibus
837 653 1033 717 uoluntatem
1050 670 1140 717 suam
1155 652 1355 727 facientibus,

210 762 302 827 cuius
336 778 443 827 semen
476 758 601 843 peribit.
636 778 743 823 semen
777 762 884 824 autem
917 759 986 824 eius
1023 759 1114 841 impii
1146 762 1179 825 et
1211 760 1354 825 infideles

209 874 295 945 sunt,
320 868 437 951 quibus
462 868 507 933 ait
530 866 693 933 dominus:
726 884 800 930 nox
835 884 878 929 en
901 868 1015 949 patre
1048 864 1214 932 diabolo
1238 868 1353 931 estis.

118 974 162 1038 15
253 976 312 1039 Est
331 975 428 1039 etiam
446 973 574 1038 initium
589 973 771 1056 mysticum,
789 972 918 1037 utillud
934 975 998 1036 est:
1017 991 1086 1055 ego
1111 992 1192 1036 sum
1210 973 1353 1056 primus
1375 986 1398 1039 B

175 1086 245 1147 set
280 1082 527 1157 nouissimus,
561 1080 715 1145 initium
750 1082 786 1144 et
817 1078 908 1143 finis
941 1082 975 1143 et
1004 1077 1087 1143 illud
1117 1080 1150 1143 in
1188 1079 1353 1164 euangelio

206 1187 386 1271 praecipue,
420 1186 503 1269 quod
535 1186 750 1270 interrogatus
784 1185 931 1250 dominus
964 1184 1035 1267 quis
1068 1187 1155 1249 esset
1175 1186 1353 1268 respondit:

205 1294 360 1358 initium
406 1291 503 1375 quod
536 1297 573 1357 st
604 1293 739 1375 loquor
771 1292 891 1357 uobis.
925 1292 979 1373 qui
1012 1309 1087 1357 uere
1119 1295 1152 1355 et
1179 1293 1353 1359 secuudum

206 1401 409 1467 diuinitatem
441 1404 491 1465 est
521 1400 650 1465 initium
683 1398 836 1477 omnium,
859 1398 935 1481 quia
957 1418 1050 1464 nemo
1074 1402 1146 1463 ante
1178 1398 1296 1483 ipsum,
1320 1405 1354 1464 et

204 1509 288 1587 finis,
328 1510 403 1591 quia
439 1527 531 1573 nemo
568 1508 654 1571 ultra
688 1506 796 1589 ipsum
834 1509 894 1571 est.
937 1506 1111 1571 secundum
1148 1508 1351 1589 euangelium

160 1640 185 1679 ιο
204 1616 333 1681 initium
352 1619 402 1681 est
419 1615 545 1679 uiarum
564 1613 684 1679 domini
702 1614 733 1677 in
753 1630 850 1697 opera
867 1613 1000 1690 cius,ut
1016 1614 1195 1696 peripsum
1216 1614 1353 1679 disceret

204 1724 368 1788 hominum
403 1742 501 1807 genus
535 1721 605 1786 uias
639 1720 758 1787 domini
791 1720 883 1803 sequi
915 1724 947 1785 et
970 1720 1092 1802 operari
1116 1738 1211 1803 opera
1233 1722 1294 1787 dei.
1318 1723 1349 1785 iu

203 1831 264 1895 hoc
280 1848 355 1914 ergo
370 1829 535 1912 principio,
550 1828 583 1892 id
598 1828 692 1893 estin
710 1828 835 1893 Christo
852 1828 930 1893 fecit
943 1827 1022 1893 deus
1039 1828 1162 1893 caelum
1177 1830 1210 1893 et
1222 1831 1350 1907 terram,
1374 1840 1395 1895 (r

203 1938 357 2019 quiaper
375 1936 498 2019 ipsum
518 1936 642 2000 omnia
660 1936 763 1999 facta
779 1938 918 1999 suntet
933 1934 1013 1998 sine
1028 1934 1111 2017 ipso
1130 1935 1272 1999 factum
1292 1939 1350 2001 est

203 2044 300 2108 nihil
315 2042 413 2126 quod
427 2044 570 2108 factum
587 2046 658 2107 est:
670 2043 700 2105 in
712 2042 793 2125 ipso,
805 2042 924 2123 quiain
938 2041 1022 2125 ipso
1038 2044 1214 2107 constant
1228 2043 1349 2107 omnia

157 2174 183 2215 1⁵
204 2149 323 2233 etipse
343 2152 394 2214 eet
415 2148 693 2233 primogenitus
718 2148 840 2213 totius
865 2150 1072 2230 creaturae,
1093 2149 1162 2213 siue
1182 2148 1255 2230 quia
1274 2152 1349 2214 ante

202 2276 326 2322 omnem
337 2258 523 2333 creaturam,
535 2256 603 2321 siue
614 2254 689 2338 quia
698 2259 840 2333 sanctus,
850 2256 924 2337 quia
937 2254 1140 2339 primogeniti
1150 2256 1252 2320 sancti
1262 2260 1347 2327 suut,

202 2366 238 2428 ut
261 2362 540 2447 primogenitus
568 2362 744 2438 Istrahel,
769 2380 831 2427 non
856 2362 931 2444 quia
954 2364 1025 2427 ante
1050 2380 1169 2439 omnes,
1194 2361 1249 2427 sed
1273 2362 1348 2444 quia

201 2470 342 2535 sanctior
355 2469 480 2535 ceteris.
491 2472 621 2535 sanctus
638 2470 744 2534 autem
760 2468 906 2533 dominus
922 2487 1018 2551 super
1030 2486 1154 2533 ornnem
1170 2471 1347 2533 creaturam

200 2580 233 2641 et
261 2575 436 2641 secundum
464 2576 604 2659 corporis
632 2576 878 2658 susceptionem,
904 2575 978 2657 quia
1000 2576 1089 2639 solus
1113 2574 1180 2639 sine
1203 2579 1345 2658 peccato,

153 2712 180 2751 ιο
200 2684 290 2747 solus
306 2682 374 2747 sine
388 2683 540 2761 uanitate,
556 2683 659 2748 omnis
680 2684 786 2748 autem
807 2684 951 2747 creatura
969 2682 1113 2746 subiecta
1131 2681 1267 2746 uanitnti
1285 2686 1345 2748 est.
1364 2688 1388 2741 1)

104 2787 150 2849 16
198 2808 372 2872 possumus
393 2790 489 2853 ctiam
504 2790 705 2874 intellegere:
724 2790 762 2853 iu
786 2788 993 2872 principio
1017 2788 1119 2853 fecit
1142 2788 1240 2854 deus
1264 2808 1344 2855 cae·

198 2896 279 2960 lum
313 2896 351 2959 et
382 2898 541 2974 terram,
571 2896 605 2960 id
638 2899 686 2961 est
719 2898 792 2960 ante
823 2900 962 2979 tempus,
997 2895 1082 2960 sicut
1112 2896 1239 2961 initium
1272 2898 1344 2962 uiae

197 3001 338 3066 nondum
362 3001 415 3066 uia
434 3006 483 3067 est
503 3005 535 3067 et
552 3002 679 3067 initium
700 3002 812 3067 domus
831 3004 970 3070 nondum
991 3003 1114 3069 domus.
1135 3004 1271 3086 denique
1289 3006 1344 3069 alii

197 3105 343 3172 dixerunt
366 3106 395 3171 ἐν
414 3108 571 3195 κεφαλαίῳ
596 3110 686 3191 quusi
710 3110 741 3173 in
765 3109 879 3193 capite,
900 3130 962 3191 quo
986 3109 1185 3193 significatur
1202 3112 1233 3175 iu
1253 3112 1343 3176 breui

169 3242 172 3249 ¹
286 3280 606 3337 assummum
647 3282 841 3345 ennam
881 3283 1000 3352 cupos.
1022 3284 1046 3346 1,
1067 3286 1112 3346 rr,
1133 3284 1203 3338 are
1248 3286 1340 3339 aron.

194 3372 220 3435 8,
241 3370 275 3425 25
328 3371 361 3425 10
380 3370 506 3424 Prouerb.
527 3370 551 3435 8,
571 3371 614 3435 22,
634 3372 666 3425 cl.
686 3372 750 3425 Luc.
770 3372 813 3436 20,
833 3373 864 3426 21
927 3371 1118 3436 1310h.1,3
1185 3374 1218 3427 14
1238 3372 1339 3428 Coloss.

196 3460 275 3522 1,17
331 3460 365 3513 15
384 3458 486 3515 Coloss.
508 3460 532 3523 l,
553 3461 585 3515 15
642 3460 674 3513 17
694 3460 776 3515 Exod.
796 3462 822 3521 4,
842 3461 876 3514 22
940 3460 975 3515 20
994 3460 1070 3514 Rom.
1090 3460 1115 3525 8,
1134 3462 1169 3516 20
1224 3464 1260 3517 24
1277 3464 1339 3517 Bas.

196 3547 372 3614 171013)

232 3654 244 3706 1
266 3652 413 3707 debeamus
432 3652 476 3725 (de
496 3668 529 3707 erc
548 3652 576 3707 di
593 3656 650 3721 m3)
674 3656 697 3705 (7
776 3656 793 3709 3
813 3654 923 3709 diabulo
945 3657 993 3710 CG
1073 3658 1091 3710 4
1111 3658 1252 3726 mysticum
1271 3658 1342 3714 a‘M

193 3742 330 3795 misticum
350 3747 396 3796 cet.
480 3742 495 3795 7
516 3742 587 3813 quod
608 3742 632 3796 C
649 3746 707 3812 (m2
726 3744 803 3814 quid)
822 3745 847 3801 24
866 3744 911 3814 (od
929 3746 961 3798 r'n
979 3760 1034 3799 rae.
1054 3749 1111 3814 nr2)
1186 3748 1202 3800 8
1221 3749 1285 3801 ante
1297 3790 1301 3800 .
1315 3790 1337 3801 ..

193 3846 272 3883 nemo
292 3846 341 3885 om.
365 3830 394 3895 0,
412 3831 445 3884 in
462 3848 512 3901 unp.
532 3836 580 3885 m?
600 3831 625 3886 6
716 3834 731 3887 9
751 3833 840 3903 ipsum
860 3838 903 3886 est
923 3833 976 3887 CV
996 3834 1084 3903 ipsmn
1106 3838 1148 3889 est
1167 3841 1195 3888 et
1213 3836 1252 3906 (et
1269 3853 1290 3890 e.
1310 3854 1337 3890 u.

192 3922 250 3985 m2)
273 3918 298 3973 θ
316 3919 405 3988 ipsum
425 3923 453 3973 et
470 3918 508 3984 N,
526 3921 591 3987 sort.
613 3926 682 3975 recte
732 3922 766 3975 10
785 3921 903 3975 disceret
918 3922 942 3974 (Ἰ
959 3926 998 3989 (sc
1017 3924 1048 3976 in
1064 3928 1132 3989 rae.)
1185 3926 1218 3978 14
1235 3926 1338 3996 inipso

192 4009 252 4061 uita
271 4012 312 4061 est
331 4008 440 4078 quiain
459 4008 518 4079 ipso
540 4008 623 4063 Gur?
641 4010 706 4064 N'B
811 4013 844 4065 15
862 4012 948 4066 totius
970 4011 1154 4067 CGVomnis
1171 4012 1205 4066 N
1292 4017 1337 4084 qui

192 4100 255 4150 ante
277 4096 329 4148 CV
346 4102 372 4151 et
389 4097 464 4167 (quia
482 4100 539 4168 m2)
561 4098 587 4153 G
696 4099 728 4154 17
748 4099 848 4153 israhel
869 4099 1046 4156 (forum
1069 4102 1121 4155 isrl
1143 4109 1189 4156 eet.
1213 4103 1264 4175 (sic
1280 4106 1338 4172 fere

190 4200 294 4253 semper
313 4185 385 4249 libri,
404 4202 554 4253 numquam
572 4186 700 4254 istrahel)
739 4189 770 4242 21
791 4188 925 4258 possimus
942 4188 966 4240 C
981 4188 1131 4259 (possemus
1150 4192 1207 4261 md)
1243 4194 1277 4247 23
1293 4194 1336 4247 uic

192 4278 234 4327 est
253 4278 282 4327 et
305 4273 331 4327 V
346 4275 390 4329 uie
411 4278 439 4329 et
460 4276 484 4328 C
500 4277 544 4347 uip
565 4280 622 4344 (md
640 4278 695 4343 uia)
717 4282 744 4331 et
765 4278 791 4332 G
810 4278 855 4331 nia
874 4281 902 4332 et
920 4277 951 4331 N
986 4280 1021 4331 24
1039 4279 1174 4334 lncefaleo
1195 4281 1336 4346 Oincelc·

190 4362 262 4417 falco
276 4362 301 4417 G
316 4362 458 4419 inceialcoi
474 4364 499 4417 l'
510 4366 538 4419 in
552 4366 671 4420 cefaleon
684 4368 779 4423 th¹B
795 4368 822 4421 in
838 4368 967 4437 cephaleo
981 4367 1040 4423 MS
1056 4366 1290 4425 sncsrALeON
1303 4372 1336 4428 tl‘
