3142 4967
386 472 425 524 De
444 470 503 523 Noe
524 471 550 523 9.
573 470 613 534 10,
633 470 741 525 30-33
780 470 804 535 (Ι
825 470 877 525 238
897 470 1009 524 u-ass
1028 470 1071 539 F).
1234 469 1300 538 433

148 668 227 731 dum
250 666 282 731 in
306 668 391 732 bello
416 686 488 731 cum
512 668 685 749 imperator
708 666 746 729 ab
774 666 868 732 hoste
898 666 1063 747 occiditur,
1093 668 1301 733 commoritur

150 774 219 839 eius
249 774 405 839 exereitus
433 777 530 857 atque
558 775 659 838 omnis
689 773 914 838 comminuitur
941 774 1045 840 uirtus
1069 774 1227 853 militaris,
1253 776 1300 840 sio

149 902 208 947 non
234 883 412 966 discrepare
437 902 455 946 a
477 881 605 946 iust'tia
627 881 735 945 uisum
759 883 818 957 est,
845 900 918 945 cnm
940 880 1085 947 interiret
1111 882 1217 965 homo,
1247 884 1300 947 cui

147 990 289 1073 regalem
319 988 477 1072 quandam
505 989 654 1053 dominns
682 987 760 1053 deus
788 988 820 1051 in
850 1007 942 1053 omne
966 988 1173 1053 animantium
1199 1008 1300 1073 genus

122 1100 340 1178 epotastatem
371 1095 469 1174 dedit,
497 1100 535 1160 ut
562 1096 709 1161 omnibus
736 1095 925 1161 uolatilibus
957 1096 1032 1161 ieris
1061 1096 1172 1161 bestiis
1200 1096 1300 1177 imps-

148 1202 218 1266 rlali
245 1206 409 1285 praeesset
437 1202 636 1278 auctoritate,
667 1202 750 1284 qnod
780 1203 877 1267 etiam
904 1204 1043 1286 pecudes
1073 1205 1105 1267 et
1132 1221 1300 1285 quaecum-

149 1329 210 1392 que
240 1312 329 1374 erant
355 1309 590 1374 inrationabilia
618 1312 889 1374 commorerentur
917 1308 1074 1373 animalia.
1107 1309 1242 1391 deniqne
1273 1308 1343 1373 sil)

151 1415 276 1498 quando
309 1419 360 1481 est
390 1416 576 1498 pestilentia
607 1419 754 1500 corrupto
784 1416 865 1481 caeli
893 1419 1009 1493 tractu,
1036 1416 1125 1499 prius
1155 1436 1191 1481 ea
1219 1436 1299 1499 quae

150 1532 227 1594 sunt
257 1525 492 1590 inrationabilia
522 1524 592 1589 lues
631 1524 698 1588 dira
734 1524 928 1589 contaminat
966 1526 998 1588 et
1033 1522 1167 1587 maxime
1205 1542 1299 1588 canes

109 1648 132 1688 1⁰
150 1654 249 1717 equos
277 1634 378 1699 boues
406 1635 501 1715 atque
527 1651 563 1696 ea
586 1631 688 1696 inficit
710 1650 790 1713 qnae
815 1650 888 1696 cum
912 1631 1095 1696 bominibus
1111 1622 1300 1695 'conuersari

149 1742 308 1818 uidentur,
334 1741 380 1804 sio
404 1739 506 1804 morbi
529 1738 579 1802 uis
604 1738 699 1803 etiam
724 1757 826 1821 genus
850 1739 1023 1803 humanum
1047 1736 1188 1820 inplicat.
1220 1738 1299 1803 haec

70 1848 106 1908 32
149 1848 247 1932 igitur
275 1849 376 1931 prima
407 1866 505 1911 causa
535 1846 650 1923 iustae,
683 1849 720 1909 ut
752 1846 894 1922 arbitror,
929 1844 1128 1921 eductionis,
1162 1845 1301 1909 secunda

148 1955 205 2019 illa
232 1941 308 2037 quia
336 1973 427 2018 nemo
457 1956 587 2017 accusat
614 1955 758 2017 naturam
789 1970 845 2016 cur
871 1952 994 2034 reliqua
1025 1952 1165 2033 corporis
1199 1953 1301 2017 nostri

150 2061 292 2125 membra
313 2061 487 2124 moriantur
509 2060 577 2125 solo
603 2060 705 2142 capite
729 2060 867 2138 sublato,
893 2078 965 2124 oum
989 2060 1107 2125 multos
1131 2058 1298 2124 uideamus
1321 2062 1344 2119 n

109 2186 134 2226 ιι
151 2167 325 2252 amputatis
355 2168 501 2232 manibus
531 2170 563 2232 et
590 2167 725 2250 pedibus
759 2166 975 2249 superuiuere.
1009 2166 1065 2232 sed
1098 2186 1158 2231 non
1190 2166 1299 2231 eadem

151 2279 327 2339 ceterorum
356 2274 569 2339 membrorum
594 2276 644 2339 est
665 2273 888 2357 praerogatiua
912 2293 993 2356 quae
1017 2274 1141 2356 capitis,
1163 2273 1299 2357 ideoque

150 2382 276 2447 absciso
305 2400 353 2458 eo,
382 2380 466 2445 unde
494 2400 608 2446 sensus
632 2380 734 2446 nostri
756 2381 787 2444 in
812 2380 970 2461 reliquum
995 2400 1108 2463 corpus
1132 2380 1298 2462 prodeunt,

150 2488 401 2554 commoriuntur
428 2488 523 2551 etiam
546 2486 689 2551 membra
712 2487 826 2565 omnia,
850 2487 963 2551 necin
987 2506 1023 2551 eo
1048 2489 1103 2550 aut
1126 2487 1300 2569 operatoris

148 2594 349 2678 prouidentia
386 2593 584 2658 desideratur
621 2596 677 2658 aut
713 2594 911 2658 substantiae
949 2593 1104 2657 humanae
1141 2582 1299 2676 fragilitas

107 2720 132 2757 2⁰
149 2702 359 2786 redarguitur.
389 2700 538 2765 similiter
565 2720 639 2785 ergo
668 2720 760 2765 nemo
789 2720 873 2766 nunc
901 2703 1013 2784 arguat
1040 2700 1114 2781 quia
1142 2704 1238 2783 capnt
1268 2702 1300 2763 ct

148 2808 322 2891 principale
361 2806 519 2890 quoddam
558 2812 734 2873 ceterorum
771 2808 957 2872 animalium
998 2808 1094 2871 homo
1136 2808 1194 2883 est,
1237 2826 1298 2888 quo

148 2914 304 2978 moriente
340 2932 403 2978 non
440 2912 534 2978 debet
569 2914 686 2978 mirum
719 2914 821 2977 uideri
855 2914 882 2977 si
915 2916 1020 2979 cetera
1053 2912 1345 2977 commorianturr

68 3029 106 3090 :33
149 3021 333 3085 animantia.
356 3022 487 3086 tertium
509 3019 590 3084 illud
615 3024 666 3085 est
688 3021 761 3103 qnia
784 3020 917 3085 rationis
936 3020 1074 3102 expertia
1092 3040 1153 3085 non
1172 3024 1301 3104 propter

150 3148 193 3206 se,
226 3128 284 3193 sed
310 3132 439 3212 propter
469 3129 630 3193 hominem
664 3131 813 3212 generata
849 3131 924 3192 sunt
960 3128 1122 3205 animalia3
1159 3127 1299 3191 hominis

108 3236 230 3299 sanim
266 3254 363 3301 eausa
395 3256 465 3301 osse
496 3237 664 3318 praecepta
697 3237 782 3311 sunt,
815 3238 852 3298 ut
884 3254 992 3299 eorum
1017 3234 1214 3299 subiectione
1242 3234 1299 3298 hn-

148 3362 242 3407 mana
263 3344 441 3425 praestaret
465 3342 618 3407 condicio.
653 3341 787 3425 denique
822 3342 941 3425 gratiae
974 3342 1112 3405 hominis
1145 3340 1301 3405 adtribuit

150 3448 306 3533 propheta
334 3448 456 3512 dicens:
486 3449 618 3513 omnia
646 3448 870 3514 subiecisti
900 3448 972 3513 sub
998 3449 1173 3529 pedibus
1199 3448 1298 3524 sius,

238 3692 256 3747 8
273 3691 357 3761 Uerg.
377 3692 444 3747 den.
463 3690 506 3745 111
527 3692 577 3745 138
596 3708 636 3760 sq.
693 3692 709 3746 9
727 3690 759 3745 ΙΙ.
778 3689 842 3745 150
859 3691 947 3761 (Lucr.
962 3690 1000 3743 Vl
1016 3690 1098 3757 1222)
1150 3691 1183 3743 27
1199 3690 1297 3744 Psalm.

147 3781 216 3835 VIll
235 3781 305 3835 7-9

184 3903 381 3959 baalatllibus
399 3904 427 3957 P
445 3908 472 3969 (o
490 3920 512 3958 a.
532 3920 608 3972 apr.
628 3907 686 3970 m2)
736 3903 966 3958 tauctoritatem
985 3903 1012 3955 P
1030 3908 1067 3965 (m
1087 3904 1169 3967 cras.)
1221 3903 1252 3956 11
1272 3904 1299 3955 et

148 3996 188 4049 sic
209 3994 243 4047 T‘
315 3992 454 4047 hominum
477 3992 503 4045 Τ
573 3993 720 4046 humanum
739 3990 1170 4061 inplicatenhumanuplicatP
1219 3991 1253 4043 12
1268 3994 1300 4043 ut

148 4085 266 4139 arbitror
285 4082 373 4137 iustae
391 4081 422 4136 N
495 4084 527 4135 13
546 4083 635 4136 nostri
654 4082 772 4151 corporis
791 4081 825 4134 N
890 4082 923 4135 15
942 4080 1059 4150 pedibus
1080 4084 1108 4133 et
1127 4078 1250 4133 inanibus
1269 4078 1303 4131 N

150 4177 182 4229 16
202 4174 264 4228 ideo
284 4176 347 4238 (om.
368 4176 430 4240 que)
450 4171 478 4224 B
533 4172 566 4225 18
585 4169 788 4225 moriunturN
858 4169 948 4222 omnia
967 4169 1086 4221 membra
1099 4168 1130 4221 N
1181 4168 1212 4221 19
1228 4168 1299 4221 desi·¹

149 4290 260 4344 derntnr
286 4288 387 4356 scripsi
409 4284 579 4341 desiderator
606 4287 631 4339 T
652 4251 818 4351 deseserntdr
836 4285 863 4338 P
886 4284 1019 4339 deseritur
1042 4285 1073 4337 T‘
1099 4284 1118 4352 (i
1141 4301 1174 4339 ex
1196 4290 1222 4352 a)
1242 4283 1299 4339 NB

149 4380 183 4433 23
203 4377 333 4431 animalia
351 4375 410 4429 NB
464 4376 498 4429 25
518 4376 589 4428 enim
608 4376 637 4429 P
653 4376 682 4447 (n
700 4376 731 4429 in
749 4374 819 4440 ras.)

175 4504 269 4544 xxxn.
284 4503 363 4544 Amba.
374 4512 428 4552 pars
437 4506 458 4550 1,
471 4498 528 4543 suc.
543 4504 565 4543 1.
1228 4479 1263 4533 28
