3142 4967
410 476 451 530 De
470 476 529 530 Noa
550 476 591 542 13,
609 477 652 531 43.
672 477 708 529 44
745 476 769 541 (1
789 476 841 529 243
862 476 971 529 F—‘244
991 475 1032 542 Ε).
1236 475 1298 539 441

151 672 427 758 quadraginta
456 670 661 737 noctibus.
685 670 806 735 scimus
831 670 914 734 enim
938 669 1021 735 dieln
1047 670 1109 734 dici
1134 688 1229 751 quem
1253 670 1302 734 sol
1371 664 1372 667 '

148 785 266 845 terram
290 778 476 843 illuminans
500 778 617 863 elgnat,
641 781 767 842 noctem
792 796 886 859 quam
915 777 1127 842 circumfusae
1156 776 1302 859 tenebrae

150 907 168 951 a
192 887 258 952 diei
286 886 430 950 claritate
461 884 685 950 disterminant
712 889 745 949 et
770 886 957 967 plemmque
986 883 1030 948 ita
1059 883 1191 947 anobis
1220 882 1302 947 diem

150 992 325 1079 significari
348 997 385 1058 ut
408 995 535 1056 noctem
558 1010 619 1055 non
644 991 947 1073 conprehendamas,
969 992 1156 1073 plerumque
1176 993 1212 1054 ut
1231 1008 1303 1053 con·
1328 988 1348 1043 C

19 1091 20 1094 '
119 1101 339 1182 aplectamur.
371 1098 586 1182 significantes
614 1098 697 1162 enim
726 1118 867 1163 mensem
894 1099 1029 1182 tugiam
1056 1098 1178 1163 dierum
1207 1096 1304 1181 signi-

150 1207 284 1271 ficamus
310 1214 342 1270 et
365 1209 485 1272 noctes,
509 1205 593 1269 uude
618 1224 692 1269 cum
715 1205 793 1269 satis
817 1206 934 1270 fuisset
956 1204 1062 1288 Moysi
1087 1204 1203 1269 dixisse
1224 1204 1303 1267 dilu-

151 1313 242 1377 uium
266 1313 368 1377 fuisse
392 1311 668 1395 quadraginta
696 1311 859 1389 diebus,
889 1330 945 1376 our
973 1311 1130 1378 addiderit
1154 1314 1192 1375 et
1216 1330 1303 1393 qua-

152 1419 338 1504 draginta
364 1419 559 1483 noctibus
589 1418 759 1501 quaeritur.
783 1423 815 1482 et
839 1418 938 1502 aliqui
961 1420 1006 1483 ita
1025 1422 1224 1500 acceperunt.
1250 1419 1303 1499 qni

151 1531 223 1591 ante
252 1545 311 1591 uos
339 1526 478 1603 luerunt,
507 1529 544 1590 ut
572 1528 605 1590 et
633 1525 772 1591 uirorum
802 1528 834 1588 et
858 1526 1027 1589 mulierum
1053 1526 1156 1589 lactus
1181 1526 1303 1590 diluuio

109 1658 133 1696 ro
150 1634 300 1698 interitus
329 1632 607 1709 demonstraretur,
637 1631 721 1695 diem
750 1632 789 1695 ad
822 1631 926 1696 uirum
959 1632 1140 1704 relerentes,
1175 1633 1229 1716 qui
1261 1634 1305 1698 sit

150 1741 269 1824 purior,
290 1740 405 1805 similis
424 1739 519 1817 lucis,
539 1742 665 1803 noctem
685 1739 725 1803 ad
743 1740 921 1817 mulierem,
941 1758 1021 1823 quae
1040 1740 1109 1803 uiro
1129 1738 1303 1803 dormiente

152 1851 259 1913 ereata
282 1846 482 1921 describitur,
509 1846 606 1912 simul
630 1846 705 1927 qula
727 1845 777 1909 uir
800 1846 884 1929 prior
908 1847 1000 1927 quasi
1024 1849 1143 1923 auctor,
1169 1847 1222 1927 qui
1243 1846 1304 1909 uir·
1324 1854 1348 1905 D

151 1956 256 2018 tutem
288 1957 419 2018 moueat
450 1953 593 2017 mulieris
627 1956 722 2034 atque
758 1954 790 2015 ln
828 1958 938 2036 partus
976 1953 1101 2033 excitet,
1140 1957 1212 2018 actu
1250 1952 1305 2016 ille

153 2062 265 2125 clarior
301 2059 444 2141 publico,
477 2060 541 2124 ista
580 2060 747 2124 obscurior·
782 2064 945 2141 tamquam
979 2060 1163 2125 domesticis
1198 2060 1306 2123 clausa

111 2190 137 2229 ra
152 2167 329 2249 parietibus
359 2171 392 2231 et
417 2166 504 2232 noeti
531 2166 684 2249 proxima,
713 2167 852 2231 secundo
882 2170 950 2233 orta
978 2168 1048 2231 loco
1078 2170 1110 2230 et
1137 2166 1306 2230 creationis

153 2294 230 2339 suae
253 2275 389 2338 tonnuta
411 2273 444 2337 in
473 2276 562 2338 costa
588 2272 651 2337 uiri
680 2273 796 2338 debens
827 2274 960 2357 gratiam
989 2274 1154 2357 superiori,
1183 2272 1305 2337 numeri

154 2400 280 2464 quoque
298 2380 432 2462 potioris
453 2380 587 2446 obnoxia
605 2380 773 2464 priuilegio
794 2384 826 2445 et
845 2381 987 2463 pariendi
1006 2401 1067 2445 usu
1087 2380 1305 2445 materialibus

154 2487 374 2571 comparanda.
403 2504 581 2555 consonans
611 2493 717 2551 antem
746 2487 776 2551 in
806 2491 943 2569 utroque
976 2506 1127 2552 numerus
1160 2486 1302 2570 periculi,

155 2594 230 2677 quia
252 2598 384 2675 peecata
407 2594 503 2658 etiam
527 2594 742 2667 consonantia,
766 2594 943 2674 meritoque
968 2613 1027 2657 uon
1053 2593 1173 2657 distant
1203 2593 1306 2675 spatia

112 2723 138 2763 ao
153 2705 344 2783 temporum,
369 2701 444 2782 qula
465 2720 527 2765 uon
551 2700 672 2764 distant
694 2700 807 2765 merita
832 2700 1030 2765 delictorum.
1329 2705 1350 2757 l}

75 2814 113 2873 44
199 2807 269 2873 Non
295 2807 498 2876 mediocriter
520 2808 615 2871 etiam
640 2809 822 2871 scrutantur
843 2806 986 2889 plerique
1010 2825 1074 2888 qua
1091 2806 1210 2869 ratione
1231 2824 1304 2887 qua-

157 2911 302 2996 draginta
325 2914 393 2979 dies
418 2913 576 2977 diluuium
599 2913 705 2979 fuerit.
730 2915 763 2978 et
784 2932 958 2995 possumus
983 2912 1085 2977 dicere
1108 2912 1304 2977 materialem

156 3039 323 3084 numerum
346 3020 555 3098 tristioribus,
581 3021 640 3085 lroc
665 3024 715 3085 est
738 3019 889 3085 delendae
914 3023 1077 3085 creaturae
1106 3020 1305 3102 deputatum,

156 3126 332 3191 ebdomada
361 3132 469 3192 autern
497 3127 720 3192 constitutioni
750 3128 851 3193 totins
880 3128 1001 3205 muudi,
1030 3128 1089 3191 hoo
1119 3132 1169 3191 est
1197 3126 1305 3191 laetio-

113 3252 139 3289 26
157 3233 253 3299 ribus.
286 3233 343 3298 sed
368 3235 507 3300 sortasse
533 3235 650 3299 referat
678 3234 753 3315 quid
783 3234 867 3317 quod
896 3234 991 3299 etiarn
1021 3235 1069 3298 lex
1098 3233 1307 3318 quadraginta

246 3460 263 3514 8
279 3463 307 3513 ct
320 3461 352 3513 21
369 3460 447 3513 Philo
460 3459 569 3526 Quaest.
580 3460 608 3514 II
619 3462 652 3514 14
691 3462 721 3515 ll
739 3464 767 3513 et
783 3462 814 3515 16
826 3460 892 3515 Gan.
909 3463 934 3519 2,
946 3463 977 3514 21
991 3477 1030 3530 sq.
1069 3462 1102 3514 25
1118 3460 1202 3514 Erod.
1215 3461 1257 3524 34,
1269 3463 1303 3515 28

191 3585 208 3638 3
227 3601 245 3637 a
263 3584 342 3637 nobis
361 3586 401 3637 lta
419 3584 447 3637 B
483 3584 608 3638 5111111·
629 3585 684 3640 PT
719 3587 735 3639 6
754 3586 853 3638 fuisset
871 3584 898 3637 P
916 3587 939 3652 (t
957 3602 978 3639 a.
998 3602 1025 3638 u.
1045 3588 1101 3650 rra2)
1141 3584 1236 3638 T·XL'
1253 3585 1309 3637 PT

190 3672 291 3727 XXXX
308 3673 336 3726 P
353 3673 495 3743 (quartum
513 3673 537 3726 X
557 3674 622 3730 add.
641 3675 698 3741 md)
718 3674 780 3727 XL·
806 3675 830 3727 T
923 3675 953 3727 11
974 3674 1042 3728 lucis
1061 3674 1088 3725 P
1106 3673 1130 3741 (s
1149 3678 1231 3739 eras.)
1251 3674 1306 3727 luci

159 3761 219 3815 T‘B
289 3764 322 3816 12
340 3761 381 3815 ita
400 3765 491 3815 creata
508 3762 536 3815 B
608 3762 702 3815 simul·
719 3763 744 3815 T
813 3764 844 3817 13
865 3767 941 3817 actus
965 3762 1087 3815 Tauctu
1107 3762 1140 3815 N
1211 3764 1244 3817 15
1264 3779 1306 3815 se·

157 3850 245 3915 cunda
263 3850 291 3903 P
309 3856 336 3917 (o
354 3868 376 3905 a.
396 3855 422 3916 a)
521 3851 553 3904 16
573 3853 649 3905 costa
666 3851 767 3919 sm'pmi
785 3855 889 3905 costam
910 3852 975 3907 libri
1083 3856 1111 3905 et
1130 3851 1262 3921 superiori
1280 3851 1307 3904 B

191 3939 297 3994 numeri
314 3938 346 4003 T,
361 3956 413 3993 om.
433 3946 480 3995 cet.
539 3941 570 3993 18
590 3945 681 3993 autern
701 3957 751 3995 om.
766 3939 800 3994 N
853 3942 885 3995 19
903 3958 941 4009 sq.
962 3941 1067 3994 distant
1081 3940 1108 3993 P
1128 3941 1147 4005 (i
1167 3958 1200 3994 aa·
1219 3944 1305 4003 eund>

156 4028 191 4082 20
205 4035 272 4097 post
291 4028 453 4083 delictorum
472 4030 538 4083 add.
557 4030 607 4083 1)ss
626 4029 672 4083 XL
691 4029 824 4084 DIRBUS
843 4030 899 4083 PT
961 4032 994 4084 21
1014 4030 1080 4083 inde
1100 4047 1117 4083 a
1136 4030 1226 4083 cerdis
1244 4028 1305 4082 Non

157 4116 330 4172 mediocriter
348 4118 489 4185 inceptant
506 4118 604 4172 DCM.
625 4118 761 4173 INCIPIT
777 4120 825 4173 DE
839 4118 913 4173 NOR
928 4118 972 4173 ΕΤ
988 4118 1110 4173 ARCHA
1125 4119 1154 4173 D
1169 4118 1306 4173 INCIPIT

156 4205 267 4260 LIBER
285 4205 439 4262 TERTIUS
456 4205 516 4261 Cet
530 4207 589 4275 (qui
603 4207 669 4261 add.
690 4208 752 4273 QUI
771 4208 881 4263 LIBER
899 4206 964 4263 EST
983 4208 1031 4262 DE
1051 4206 1137 4274 Nou)
1153 4208 1189 4261 M
1242 4207 1304 4259 ·XL·

157 4296 273 4351 PTOM
289 4296 363 4366 (item
380 4313 409 4351 u.
429 4299 469 4349 25
488 4303 514 4350 et
526 4314 557 4365 p.
575 4300 642 4360 442,
661 4301 688 4351 7r
747 4300 782 4351 24
802 4296 980 4351 ebdomadam
1002 4297 1060 4350 Tr*
1081 4296 1257 4367 epdomadam
1277 4296 1310 4349 N

192 4384 287 4439 mundi
304 4386 392 4439 totius
411 4386 444 4439 N
495 4387 529 4441 25
549 4385 649 4441 referat
667 4386 767 4455 scripsi
785 4386 918 4440 referatur
938 4386 1003 4440 libri
