3142 4967
413 457 454 511 De
473 457 533 511 Noc
554 459 594 520 16,
615 457 721 512 56-58
758 457 783 522 (Ι
803 459 855 513 250
874 458 983 513 Ε-251
1005 458 1047 525 F).
1247 464 1312 529 453

162 652 260 727 nouit.
287 651 345 717 sed
366 652 528 718 ferociora.
552 653 584 715 in
609 672 671 736 quo
695 652 824 717 uidetur
846 654 902 718 illa
921 672 991 719 esse
1011 655 1101 733 ratio,
1121 658 1212 720 ntea
1232 676 1312 739 quac

161 760 316 833 ferociora
334 762 424 824 erant
441 760 609 841 utriusque
628 760 728 841 partis
747 760 913 825 uicinitate
936 765 1203 826 mansuescerent.
1228 763 1312 844 quod
1335 763 1356 819 C

160 866 291 931 uidetur
312 866 408 931 etium
441 866 472 929 in
500 865 557 930 illo
586 885 681 931 uersu
714 866 840 949 poetico
874 867 1039 932 declarari:
1070 868 1186 939 κακοὺς
1213 866 1239 931 δ’
1268 866 1311 939 εἰς

161 976 274 1057 μέσσον
299 969 436 1038 ἔλασσεν.
461 971 534 1035 lriuc
558 973 643 1037 enim
666 973 762 1037 etiam
784 976 880 1057 poeta
903 974 1083 1057 usurpauit,
1112 979 1149 1039 ut
1177 974 1311 1057 disposi-

131 1080 282 1143 stionem
315 1078 495 1143 dimicaturi
527 1078 574 1143 ita
605 1078 765 1143 ordinaret
797 1080 960 1157 exercitus,
994 1100 1056 1162 qino
1089 1080 1250 1145 inferiores
1278 1082 1311 1150 in

160 1185 266 1250 medio
291 1188 480 1262 conlocaret,
499 1205 562 1267 quo
580 1186 683 1269 magis
702 1186 775 1251 hino
795 1186 867 1250 inde
887 1206 904 1249 u
923 1186 1109 1253 fortioribus
1128 1188 1312 1253 iuuareutur

161 1296 191 1356 et
215 1290 450 1358 dimicationem
481 1293 648 1375 utriusque
675 1292 777 1376 partis
807 1292 1018 1359 adsumerent.
1054 1294 1087 1359 in
1117 1294 1168 1359 his
1200 1295 1310 1376 scripti

160 1398 258 1462 series
293 1399 523 1463 manifestatur.
561 1400 672 1464 altiore
706 1403 813 1464 autem
847 1419 942 1465 sensu
980 1404 1101 1465 certum
1141 1404 1191 1465 est
1227 1402 1311 1484 quod

159 1506 265 1569 iustus
286 1504 317 1568 iu
335 1504 440 1569 medio
464 1506 570 1584 habet,
593 1524 653 1571 nou
678 1506 709 1569 iu
733 1510 821 1589 parte
846 1506 1055 1590 cogitationes
1075 1508 1178 1571 cordis
1198 1508 1248 1572 sui
1267 1512 1311 1586 et,

120 1632 143 1671 u
161 1612 265 1695 quoad
293 1612 397 1694 carpit
423 1611 503 1676 hauc
526 1614 638 1689 uitam,
662 1613 778 1677 habeut
799 1632 928 1679 necesse
953 1615 1003 1678 est
1024 1614 1056 1678 iu
1081 1634 1208 1697 corpore
1231 1617 1309 1679 tam-
1329 1620 1353 1673 D

161 1739 254 1802 quam
279 1719 311 1783 in
335 1719 391 1784 illa
414 1738 486 1784 arca
508 1718 627 1784 bestias
652 1739 776 1804 graues.
809 1720 895 1784 nullu
919 1720 1001 1784 enirn
1026 1740 1114 1785 mens
1139 1724 1198 1797 est,
1222 1722 1310 1785 nulla

161 1828 274 1905 anima,
300 1846 381 1909 quae
404 1846 466 1891 nou
490 1826 624 1908 recipiat
646 1828 741 1891 etiam
761 1828 916 1892 molarum
936 1832 1043 1894 motus
1062 1832 1204 1912 agrestes
1224 1828 1308 1912 cogi-

160 1933 327 1998 tationum.
360 1933 468 2015 itaque
496 1933 675 2016 insipientis
706 1934 811 1998 anima
834 1934 950 1999 ferinos
974 1935 1060 1999 acuit
1082 1939 1189 2001 motus
1214 1938 1308 2016 atque

161 2039 266 2103 adolet
297 2057 418 2103 uenena
449 2041 643 2121 serpentum,
677 2038 829 2121 sapientis
863 2044 969 2104 autem
1002 2041 1096 2125 uigor
1122 2040 1250 2125 mitigat
1277 2043 1310 2106 et

81 2140 147 2203 581⁵
161 2149 294 2211 coercet.
326 2149 365 2209 et
392 2144 763 2209 induxitdominus
788 2146 981 2229 spiritum
1005 2152 1307 2230 superterram,

161 2256 199 2316 et
222 2250 409 2317 cessauit
433 2270 543 2333 aqua.
569 2271 627 2317 nou
661 2255 740 2333 puto
773 2252 818 2317 ita
849 2253 910 2318 hoc
943 2252 1075 2331 dictum,
1109 2258 1146 2319 ut
1177 2254 1308 2337 spiritus

160 2359 285 2424 nomine
308 2362 439 2423 uentum
459 2358 663 2441 accipiamus.
687 2378 788 2441 ueqtre
809 2360 890 2425 euim
910 2364 1026 2425 uentus
1047 2365 1171 2443 poterat
1190 2361 1307 2425 siccare
1331 2364 1352 2419 Ε

160 2465 333 2530 diluuium:
366 2465 486 2546 alioqui
515 2484 587 2529 cum
615 2484 701 2529 mare
725 2466 842 2529 cotidie
866 2466 970 2531 inentis
996 2467 1181 2549 exagitetur,
1206 2466 1308 2531 exina-

160 2573 280 2637 uiretnr
306 2572 459 2654 profecto.
493 2592 565 2636 unm
593 2572 751 2653 quomodo
775 2592 836 2637 nou
860 2576 1067 2637 euacuaretur
1089 2592 1173 2637 mare
1197 2577 1307 2637 uento·

117 2698 143 2738 u
159 2699 229 2742 rum
257 2678 302 2757 ui,
331 2678 383 2742 cui
411 2677 564 2744 cessisset
591 2682 659 2744 toto
684 2678 835 2743 diffusum
861 2680 934 2744 orbe
959 2678 1117 2743 diluuium
1141 2698 1244 2761 usque
1268 2679 1307 2744 ad

158 2786 307 2851 Herculis
331 2788 367 2850 ut
389 2785 479 2850 aiunt
502 2786 664 2850 columnus
688 2790 721 2850 et
743 2806 828 2851 mure
852 2806 1003 2870 uraguum
1027 2788 1122 2851 tectis
1150 2786 1306 2851 montium

159 2894 355 2957 excelsorum
373 2893 549 2957 uerticibus
570 2893 778 2959 exaestuans?
801 2894 932 2976 spiritus
952 2894 1050 2977 igitur
1068 2894 1167 2959 diuini
1185 2894 1306 2958 uirtute

158 2998 314 3063 inuisibili
346 2998 506 3063 diluuium
537 2999 619 3063 illud
650 3018 830 3082 repressum
867 3018 937 3065 esse
976 3018 1036 3064 uon
1075 2999 1205 3063 dubium
1245 3001 1305 3077 est,

158 3105 289 3171 caelesti
312 3106 503 3188 operatione,
532 3126 592 3170 nou
620 3106 707 3170 flatu.
741 3105 823 3170 uude
852 3106 1007 3188 scriptum
1037 3110 1099 3170 est:
1134 3105 1306 3169 omuino

115 3215 196 3276 aste
222 3212 598 3295 expectantutdes
623 3213 713 3276 illis
739 3213 871 3277 cibum
896 3213 1147 3296 intempore.
1180 3212 1305 3293 aperi·
1328 3219 1349 3273 11

159 3321 251 3383 ente
278 3324 317 3383 te
344 3338 498 3384 manum
527 3323 637 3383 tuam
666 3320 861 3383 uniuersa
888 3320 1170 3402 implebuntur
1198 3319 1305 3384 boui-

247 3544 264 3597 3
282 3544 361 3597 Hom.
381 3544 413 3597 11.
432 3544 490 3597 1111
509 3545 561 3599 299
623 3546 655 3599 15
669 3543 735 3599 Gen.
749 3544 775 3607 8,
792 3546 804 3599 1
822 3544 1120 3611 Philotimorum
1181 3544 1213 3597 21
1236 3544 1303 3601 Gerr.

157 3633 260 3718 219·
291 3633 439 3687 aereum.
459 3632 524 3687 CIII
543 3632 650 3689 27-30

193 3758 744 3843 skakoytcercunrroumacccu
762 3776 789 3829 P
808 3777 850 3842 <sn
867 3794 917 3847 my.
937 3780 980 3829 ma
1004 3774 1087 3829 raros
1111 3772 1144 3829 ue
1167 3777 1191 3830 rs
1209 3790 1304 3827 meson

156 3862 453 3930 seussionensis)
472 3849 967 3931 kukoycercuaemouexacceu
999 3864 1025 3917 Τ
1049 3848 1302 3931 lakoyeoercur-

156 3949 401 4007 roxouscccu
422 3951 452 4005 r·
475 3937 931 4021 kakoyeoercurroueacceu
947 3952 1033 4008 nure
1050 3937 1302 4021 xakoyedeicuc-

158 4064 360 4123 couencceu
373 4067 414 4136 m
449 4034 533 4136 oqui
547 4068 573 4121 P
609 4068 840 4123 resmissionem
856 4070 882 4123 P
900 4069 929 4128 u
947 4086 968 4124 e.
983 4072 1023 4135 e.)
1064 4069 1094 4122 12
1114 4070 1142 4133 u
1161 4068 1224 4139 (aaz.
1243 4070 1300 4135 me)

156 4155 293 4210 aniruaP
383 4173 453 4225 qliae
473 4162 515 4223 (ae
534 4156 724 4225 exnur2)P
808 4158 1099 4220 malarumPtaalt.
1120 4157 1302 4223 ecolmalo-

155 4262 214 4299 rum
236 4243 296 4299 OM
350 4246 381 4298 15
401 4245 526 4299 cohercet
543 4246 675 4299 run-'M
728 4246 760 4300 18
780 4246 882 4315 alioqui
901 4249 928 4299 Ρ
946 4247 1065 4315 alioquin
1084 4251 1132 4300 cet.
1187 4247 1218 4299 ‘21
1240 4244 1302 4298 her·

156 4316 231 4414 cnido
249 4360 284 4424 Ρ,
302 4361 354 4415 uix
372 4360 520 4415 Herculeas
539 4362 714 4416 scribendum
768 4363 802 4416 26
822 4365 896 4415 tuam
916 4379 966 4417 orie.
991 4363 1015 4416 Τ
