3142 4967
269 452 335 517 472
738 452 937 506 Ambrosii

269 648 451 729 incorrupta
485 648 593 711 futura
624 646 775 713 animatia
804 647 858 711 aei
890 666 1054 713 nemorosa
1087 648 1201 713 omnia.
1236 666 1306 711 nam
1342 666 1413 711 cam
1478 658 1496 713 C

270 764 515 837 corrumpuntur
536 757 690 837 tempora,
714 756 960 837 corrumpantur
983 755 1079 819 etiarn
1103 754 1159 817 ilis
1186 774 1266 836 quae
1294 757 1414 835 tempo-

269 860 357 925 ribus
377 861 445 925 sais
465 879 607 942 quaeqae
627 860 811 944 gignantur.
832 861 859 924 si
879 864 985 925 autem
1005 861 1149 926 contusio
1169 862 1414 944 sittampomm,

269 966 426 1050 qaromodo
441 970 576 1049 possunt
590 965 773 1031 contusione
786 968 870 1031 facta
891 968 985 1031 etiam
1007 987 1042 1032 aa
1061 986 1141 1049 qaae
1160 970 1236 1031 siant
1253 966 1417 1052 gignentia

269 1077 471 1157 permanere?
504 1093 578 1157 ergo
614 1078 758 1155 tempora
795 1078 871 1138 sant
907 1093 988 1157 qaae
1026 1078 1082 1139 aut
1118 1078 1326 1157 corrumpant
1361 1077 1416 1139 aut
1446 1104 1457 1143 a

269 1184 439 1253 reserarant,
463 1184 558 1263 prout
580 1181 650 1263 ipsa
672 1181 722 1244 sai
746 1180 916 1245 habuerint
939 1181 1136 1263 qualitatem.
1159 1182 1295 1264 ideoque
1315 1200 1416 1245 annas

270 1308 306 1352 er
325 1287 488 1354 contrariis
508 1288 646 1363 ducitur,
666 1306 740 1351 uere
759 1291 911 1352 autumno
931 1290 1051 1353 aestate
1075 1291 1170 1369 atque
1193 1288 1307 1352 hieme.
1333 1288 1418 1353 sicat

270 1397 410 1460 armonia
433 1394 608 1459 cantilenae
631 1394 794 1475 permixtis
818 1393 969 1477 grauibus
998 1398 1030 1459 et
1058 1395 1161 1459 acutis
1189 1394 1318 1459 uidetur
1345 1413 1417 1459 coa-

270 1506 393 1578 sistere,
418 1503 562 1585 sicergo
587 1505 620 1564 et
641 1500 780 1565 mandas
804 1501 866 1565 iste
890 1520 925 1565 cr
950 1502 1114 1566 contrariis
1134 1502 1325 1578 continetur,
1346 1522 1416 1567 aere
1473 1510 1494 1563 Ι)

270 1615 303 1676 et
325 1615 417 1685 terra,
441 1608 508 1692 igni
533 1611 565 1672 ct
583 1627 674 1690 aqua.
694 1608 802 1671 nostra
820 1626 946 1689 quoque
966 1627 1096 1690 corpora
1114 1609 1230 1693 frigora
1250 1612 1282 1673 et
1301 1610 1415 1685 calore,
1435 1639 1457 1676 n

270 1736 379 1783 umore
403 1720 436 1781 et
458 1715 602 1781 siccitate
626 1714 783 1796 quendam
806 1718 936 1779 naturae
965 1716 1106 1781 ordinem
1130 1717 1267 1781 seruant.
1292 1736 1366 1781 nam
1391 1719 1417 1781 si

269 1823 423 1889 naturalis
464 1823 538 1887 ordo
576 1840 613 1885 ac
651 1840 798 1886 mensura
836 1822 1048 1899 confunditur,
1086 1826 1163 1887 tanc
1199 1842 1331 1887 necesse
1369 1827 1419 1887 est

270 1934 422 2013 sequatur
448 1929 605 1993 interitus.
640 1946 714 2011 ergo
744 1932 865 1993 certam
894 1928 1034 1995 ordinem
1062 1932 1240 2011 temporam
1269 1928 1417 1995 dominus

269 2041 391 2101 remota
414 2036 599 2099 coufrasione
624 2034 737 2099 diluuii
762 2035 803 2099 ad
825 2034 1094 2117 perseuerantiam
1122 2034 1229 2099 mandi
1259 2036 1418 2119 promittit

216 2144 423 2209 83iutarun1.
457 2142 551 2207 altior
573 2146 678 2206 antem
704 2160 818 2207 sensas
842 2142 901 2206 hoc
925 2142 1031 2219 habet,
1056 2146 1093 2208 ut
1114 2162 1170 2227 per
1193 2160 1301 2207 semen
1325 2143 1416 2207 intel·
1435 2172 1456 2211 ιι

270 2251 414 2334 legamus
433 2248 634 2331 principiam,
650 2266 707 2330 per
720 2266 857 2312 messem
873 2248 1096 2331 intellegamus
1112 2248 1215 2313 tinem.
1235 2248 1266 2312 in
1282 2252 1415 2330 atroque
1475 2257 1492 2310 Ε

270 2356 385 2421 salutis
417 2358 466 2420 est
494 2374 600 2419 caasa.
629 2354 764 2419 altemm
794 2354 862 2419 sine
890 2354 988 2419 altero
1017 2355 1226 2437 inperfectum
1255 2358 1314 2429 est,
1343 2356 1415 2437 quia

270 2464 329 2527 ait:
352 2463 418 2527 ‘abi
438 2462 629 2544 principiam
649 2465 707 2536 est,
727 2461 798 2525 fiais
819 2462 980 2544 quaeritur
997 2480 1054 2526 nec
1072 2464 1181 2543 potest
1200 2480 1270 2527 esse
1289 2462 1414 2529 sublato

270 2570 331 2634 fine
354 2569 545 2653 principiam
569 2573 602 2633 et
628 2568 700 2633 tinia
728 2568 761 2632 in
790 2568 981 2651 principiam
1008 2568 1159 2635 recurrit?
1191 2588 1265 2653 ergo
1294 2588 1417 2651 semper

270 2678 302 2741 in
327 2677 435 2741 cadem
460 2694 672 2752 recursurum,
698 2676 774 2738 dam
797 2676 830 2737 in
849 2676 909 2739 hoc
929 2675 1044 2739 mando
1065 2679 1123 2752 est,
1144 2694 1244 2760 genas
1264 2682 1417 2741 memorat
1432 2702 1456 2743 a
1547 2748 1548 2753 ,

270 2785 454 2860 humanam,
479 2786 516 2846 at
535 2801 607 2846 cam
628 2781 739 2863 incipit
758 2800 868 2859 annus,
888 2780 1026 2858 finiatur,
1046 2800 1117 2846 cum
1138 2780 1256 2858 finitur,
1276 2782 1414 2865 incipiat,
1547 2764 1548 2850 i

271 2909 332 2954 non
357 2890 462 2955 medio
486 2889 624 2953 mundas
652 2890 794 2970 ternpore
821 2889 1010 2955 resoluatur.
1042 2889 1088 2953 ita
1116 2892 1148 2953 et
1174 2908 1264 2953 mens
1293 2889 1414 2972 quando

271 2998 390 3079 aliquid
414 2997 542 3061 uidetur
564 2996 712 3079 incipere,
737 2995 776 3060 ad
804 2995 896 3060 tinem
926 3015 1028 3077 usqae
1057 2996 1227 3061 contendat
1254 3000 1287 3060 et
1314 2996 1414 3079 operis

271 3104 321 3169 sai
349 3104 519 3168 terminum
547 3105 686 3187 quaerat.
721 3102 845 3185 quando
873 3102 944 3167 finit
970 3102 1098 3185 aliquod
1126 3121 1217 3186 opas,
1241 3120 1302 3167 non
1327 3104 1413 3186 quasi
1470 3104 1488 3159 F

271 3213 490 3274 consummato
506 3229 599 3292 opere
614 3210 706 3273 feriet
693 3213 754 3285 tar,
770 3208 848 3273 sed
840 3228 871 3271 m
892 3209 953 3273 alia
971 3214 1112 3275 recurrat
1129 3229 1224 3292 opera
1242 3214 1274 3275 et
1293 3229 1451 3293 sempera
1546 3184 1547 3256 i

269 3316 462 3379 incrementa
493 3314 623 3379 uirtutis
656 3318 808 3393 exerceat,
842 3314 966 3397 quanda
1001 3315 1127 3398 quidem
1161 3316 1250 3381 uidet
1276 3316 1390 3400 qaod'
1382 3337 1411 3380 m

269 3421 392 3485 fractus
423 3440 499 3486 suos
528 3440 653 3504 semper
679 3425 763 3485 terra
785 3424 961 3499 reuocetur,
987 3421 1041 3504 qai
1065 3420 1183 3487 diuersi
1206 3426 1263 3486 ant
1286 3442 1361 3488 uere
1384 3428 1414 3488 et

217 3540 259 3602 84
270 3532 390 3592 aestate
405 3531 442 3592 at
457 3528 488 3591 in
504 3529 647 3611 partibas
663 3528 793 3593 orientis
810 3532 865 3591 aut
881 3532 1001 3593 aestate
1016 3532 1232 3612 autumnoque
1247 3534 1414 3595 nascantur

307 3806 432 3859 liutara
445 3812 513 3873 post
528 3822 671 3860 nemorosa
688 3812 875 3876 transponant
893 3808 956 3861 DN
1054 3826 1116 3863 nam
1136 3826 1235 3863 canas.
1254 3827 1282 3864 ιι.
1301 3812 1336 3871 P.
1356 3828 1412 3867 cana

269 3938 321 3979 om.
340 3922 367 3975 B
434 3886 617 3976 idiciturT
686 3927 815 3977 satemno
834 3924 862 3978 P
933 3932 1015 3994 atque
1034 3942 1084 3979 orn.
1104 3924 1226 3979 DNCM
1292 3927 1412 3981 Scanti-

268 4010 428 4075 lenaeP(
409 4011 565 4081 (tiaras.)
646 4013 704 4067 9si
728 4012 809 4067 Tita
830 4013 887 4067 GM
980 4015 1044 4083 iste]
1064 4014 1169 4079 ease'T
1250 4016 1281 4069 ll
1303 4016 1412 4069 hamore

273 4098 452 4153 T‘DNBCM
488 4101 521 4153 12
535 4117 707 4170 meneampra
719 4102 747 4154 P
758 4104 839 4172 (corr.
854 4109 1054 4172 rnensumupra)
1073 4119 1227 4157 mensas-ra
1240 4104 1265 4156 Τ
1265 4104 1272 4127 ’
1310 4106 1342 4159 13
1358 4122 1409 4169 cer·

268 4194 326 4253 tpm
346 4192 447 4242 certam
466 4188 494 4242 P
562 4194 715 4258 temporam
734 4208 785 4245 ora.
805 4193 833 4246 B
897 4192 928 4247 17
949 4193 1013 4261 qaia
1031 4192 1071 4256 ait
1093 4192 1224 4262 Tqaian
1242 4193 1270 4245 P
1287 4193 1351 4262 qnia
1365 4198 1409 4247 cet.

271 4278 303 4331 18
322 4283 413 4347 potest
432 4294 490 4332 esee
509 4296 542 4333 cc
559 4283 656 4349 postea
673 4287 705 4333 ut
722 4282 835 4334 uidetur
848 4281 876 4334 P
924 4284 955 4335 21
976 4282 1087 4344 finiatur
1101 4281 1161 4336 PP
1212 4284 1247 4336 25
1262 4281 1371 4335 finiatur
1383 4280 1410 4335 N

268 4367 378 4419 finietur
399 4366 456 4420 CM
526 4368 580 4422 alia
599 4370 625 4421 P
643 4369 662 4433 ri
682 4386 715 4423 ec
734 4374 746 4423 t
765 4370 820 4438 aad)
876 4370 908 4423 27
930 4373 977 4423 aut
996 4374 1099 4423 aestate
1119 4368 1242 4423 Dn't'M
