3142 4967
24 415 29 508 Ι
433 440 476 493 ue
494 438 553 493 ute
574 440 616 503 15,
635 438 741 494 50-52
779 440 874 506 (1248
894 439 1004 495 c-aro
1024 438 1065 507 c).
1257 442 1321 507 449

170 634 306 700 fluctuat
328 635 542 717 passionibus,
567 634 683 717 quibus
711 634 775 699 buc
803 638 898 715 atque
928 635 1007 699 illuc
1035 636 1198 718 tamquam
1227 654 1322 717 super

169 741 272 807 undas
296 742 515 807 molestiarum
539 760 667 805 suarum
693 742 893 822 nuncianae,
918 760 1000 806 nunc
1029 741 1093 819 siti,
1121 761 1205 807 nunc
1233 743 1320 825 cupi-

171 848 282 925 ditate,
305 868 389 913 nunc
412 848 540 934 guadio,
563 866 648 913 nunc
671 848 777 913 dolore
801 847 947 913 iactatur.

89 962 127 1023 52
213 956 301 1019 Illud
324 974 449 1039 quoque
472 974 533 1020 non
557 954 871 1040 praetermittendum
895 954 1038 1031 arbitror,
1063 956 1137 1037 quia
1162 956 1319 1038 scriptura
1329 968 1420 1023 alal

21 1059 25 1080 ²
140 1083 230 1127 enon
264 1062 439 1146 praeteriit,
472 1064 600 1146 quantis
632 1081 761 1127 numero
800 1062 917 1126 cubitis
954 1082 1035 1144 aqua
1073 1083 1168 1145 super
1202 1066 1318 1127 terram

21 1153 23 1165 '
169 1170 281 1245 fuerit3
306 1169 486 1251 quindecim
510 1170 595 1233 euim
618 1170 736 1234 cubitis
760 1188 856 1252 super
884 1170 1023 1234 excelsos
1052 1174 1176 1235 montes
1205 1188 1319 1251 aqrram

168 1276 270 1340 luisse
300 1275 388 1340 dixit.
421 1275 554 1359 simplex
576 1276 685 1359 itaque
707 1276 892 1340 intellectus
916 1278 1013 1357 patet,
1038 1277 1190 1359 allegoria
1212 1280 1318 1341 autern

169 1384 310 1466 quinque
334 1402 446 1447 sensus
471 1383 692 1466 conplectitur,
716 1382 771 1465 qui
795 1382 924 1447 suntin
950 1402 1078 1465 corpore
1101 1388 1208 1449 nostro
1230 1384 1320 1448 uelut

169 1491 285 1555 excelsi
317 1494 453 1565 montes,
487 1491 543 1572 qui
574 1490 655 1554 hanc
687 1508 812 1555 carnem
845 1489 1030 1571 passionum
1064 1490 1255 1555 obumbrant
1287 1495 1319 1556 et

19 1583 23 1598 ¹
125 1610 150 1662 ro·
167 1600 356 1681 plerumque
374 1597 576 1661 incursantur
593 1597 706 1662 bestiis
727 1599 759 1660 et
777 1596 976 1680 exagitantur
995 1596 1151 1662 condensa
1170 1601 1201 1662 et
1221 1618 1318 1680 opaca

168 1724 289 1770 eorum.
327 1704 410 1768 unde
448 1707 479 1767 et
516 1704 663 1768 dominus
699 1723 756 1785 per
792 1703 955 1769 nationum
995 1704 1190 1769 credentium
1222 1705 1316 1771 fidem

167 1812 299 1877 ueniens
318 1811 358 1875 ad
377 1812 544 1877 ecclesiam
565 1830 654 1875 suam
674 1810 764 1875 uenit
783 1830 801 1874 a
819 1810 949 1889 Libano,
975 1810 1059 1875 sicut
1077 1810 1122 1875 ait
1139 1811 1317 1877 Ambacum

168 1919 323 2001 propbeta
354 1918 477 1983 dicens:
511 1917 695 1981 dominus
725 1937 743 1980 a
769 1916 921 1982 Libano
953 1918 1105 1990 ueniet,
1134 1938 1153 1983 a
1182 1923 1315 1985 monte
1343 1930 1365 1983 Β

168 2024 357 2089 umbroso
382 2027 419 2090 et
442 2044 575 2107 opaco.
604 2024 739 2089 ecclesia
766 2042 892 2107 quoque
920 2024 1051 2089 uenite
1075 2025 1203 2102 Libano,
1233 2026 1317 2091 sicut

127 2160 152 2199 15
168 2132 287 2195 habent
322 2131 453 2197 Cantica
491 2131 696 2195 canticorum.
734 2130 779 2194 ita
813 2130 896 2194 enim
927 2130 1079 2215 legimus:
1115 2131 1208 2197 ades
1241 2132 1317 2197 huc

169 2239 380 2316 abibano,
403 2258 571 2322 sponsa,
597 2238 691 2303 ades
715 2238 790 2302 huc
816 2257 834 2303 o
856 2238 1018 2303 Libano.
1053 2239 1254 2304 transibis
1279 2244 1318 2305 et

168 2346 448 2426 pertransibis
473 2365 491 2410 a
513 2344 720 2429 principio
744 2344 859 2422 fidei,
884 2364 902 2409 a
925 2344 1137 2409 cubilibus
1157 2345 1315 2411 leonum

169 2455 207 2515 et
234 2452 443 2517 montibus
471 2452 698 2534 pardorum,
732 2451 815 2533 quod
840 2451 975 2535 gentiles
998 2450 1119 2534 populi.
1146 2452 1201 2533 qui
1225 2453 1317 2517 uelut

167 2559 351 2623 bestialium
375 2559 558 2641 passionum
588 2578 700 2643 graues
728 2558 931 2642 patiebantur
952 2558 1109 2636 incursus,
1134 2576 1217 2622 nunc
1246 2559 1315 2623 alti-

16 2701 17 2710 1
122 2692 150 2731 ao
166 2666 277 2730 tudine
299 2665 374 2729 fidei
397 2670 430 2730 et
453 2665 651 2730 sublimitate
675 2665 855 2729 deuotionis
875 2663 1041 2728 emineant.
1064 2683 1121 2745 per
1139 2665 1197 2729 hos
1217 2664 1316 2747 igitur

164 2777 289 2836 montes
305 2771 452 2837 Christus
466 2772 595 2836 aduenit
609 2771 819 2855 comprimens
834 2768 1028 2853 euangelicis
1044 2770 1314 2853 disputationibus
1342 2781 1363 2836 c

164 2879 279 2944 ferocis
305 2880 402 2944 istius
431 2880 572 2961 corporis
600 2882 707 2943 motus
740 2881 836 2959 atque
864 2876 950 2940 illam
980 2875 1180 2941 altitudinem
1210 2877 1313 2942 cordis

166 2990 198 3051 et
231 3006 266 3050 se
299 2986 501 3051 extollentem
535 2986 716 3068 superbiam
751 2983 952 3049 oboedientia
985 2986 1018 3047 et
1048 2983 1230 3049 humilitate
1263 2984 1313 3048 sui

165 3094 342 3169 destruens,
375 3093 553 3176 meritoque
586 3094 708 3157 fructus
741 3091 997 3156 mansuetudinis
1029 3093 1109 3156 serre
1145 3096 1315 3175 coeperunt

16 3225 17 3280 r
120 3221 146 3262 a
165 3218 244 3281 quos
268 3200 341 3263 ante
366 3198 510 3282 grauium
535 3197 721 3280 passionum
744 3196 867 3262 diluuia
890 3196 1096 3261 subruebant.
1121 3197 1158 3261 dc
1182 3218 1313 3264 numero

164 3308 270 3370 autern
300 3306 480 3371 cubitorum
509 3306 555 3371 sic
584 3306 713 3388 quidam
741 3309 812 3369 anta
843 3323 900 3369 nos
934 3304 1193 3381 aestimauerunt,
1229 3306 1313 3388 quod

164 3413 304 3495 quinque
329 3432 443 3477 sensus
467 3413 624 3496 triplicem
649 3413 870 3477 collectionem
893 3410 1040 3486 babeant,
1061 3430 1096 3475 eo
1118 3411 1201 3493 quod
1223 3412 1312 3475 uisus

164 3519 292 3583 uisibile
316 3519 406 3584 uidet
427 3523 460 3583 et
483 3519 612 3584 auditus
637 3519 774 3584 audibile
799 3518 889 3583 eredit
912 3520 945 3581 et
972 3514 1122 3582 odoratus
1151 3517 1311 3582 odorabile

251 3712 270 3763 4
289 3712 318 3763 et
336 3711 370 3764 25
389 3708 468 3762 Philo
489 3708 599 3775 Quaerit.
618 3709 697 3763 1121
804 3710 820 3763 6
841 3708 908 3763 Gen.
925 3710 949 3771 7,
964 3709 999 3762 20
1110 3708 1142 3763 13
1159 3708 1235 3761 Aurb.
1252 3710 1277 3775 3,
1293 3708 1309 3761 3

165 3798 198 3852 15
217 3796 296 3853 Cant.
315 3799 342 3863 4,
361 3797 378 3851 8
506 3795 508 3798 ’

199 3906 214 3957 1
234 3908 316 3975 atque
335 3904 363 3957 P
380 3904 421 3974 (at
439 3922 460 3957 s.
479 3920 507 3957 u.
526 3909 583 3968 m3)
676 3906 691 3958 6
712 3904 777 3958 ·llV·
797 3904 909 3957 PTCM
1017 3906 1123 3957 montes
1143 3902 1262 3956 excelsos
1281 3900 1313 3955 N

161 3994 294 4047 dsenaus
313 4010 365 4047 om.
384 3994 411 4045 Β
468 3993 500 4047 10
520 3998 548 4047 et
563 4011 608 4061 pr.
627 4010 678 4048 coa.
698 3994 726 4047 Β
798 3994 1016 4063 exagitenturP
1036 3998 1102 4059 (aa.
1123 3992 1148 4063 a)
1201 3992 1232 4044 12
1253 4008 1307 4043 arn-

162 4082 260 4137 bacum
278 4082 303 4135 T
320 4082 423 4136 abacuc
441 4082 499 4135 T‘C
516 4082 635 4136 abacuch
649 4084 686 4136 Μ
702 4083 822 4136 abbacuc
840 4088 888 4138 cot.
945 4084 977 4136 13
998 4099 1013 4135 e
1031 4081 1135 4135 Libano
1155 4097 1205 4135 om.
1220 4076 1310 4132 NCM

165 4172 196 4225 16
215 4170 484 4242 sponsa...Liban0
503 4188 555 4225 om.
574 4172 602 4225 B
651 4173 686 4225 20
706 4172 843 4225 emineant
865 4171 998 4225 Tmeant
1017 4177 1064 4225 cet.
1116 4171 1150 4223 22
1169 4168 1267 4223 ferocis
1286 4168 1312 4221 Τ

162 4260 264 4315 feroces
282 4260 311 4313 P
327 4262 369 4330 (es
387 4277 420 4314 ea
438 4262 472 4325 is)
493 4266 540 4314 cet.
613 4260 693 4314 istius
712 4278 764 4314 om.
782 4259 846 4315 DN
933 4262 965 4314 24
987 4258 1218 4313 mansuaetudinis
1237 4257 1266 4309 P
1282 4260 1309 4329 (a

161 4351 211 4403 alt.
231 4350 315 4418 eras.)
370 4350 405 4404 25
423 4350 519 4419 grauia
536 4348 564 4401 B

190 4476 282 4516 xxxii.
297 4474 376 4515 Ambr.
390 4485 442 4523 pan
456 4478 476 4523 1,
486 4474 542 4513 laec.
558 4476 578 4515 1.
1237 4454 1271 4507 29
