3142 4967
241 447 306 510 318
709 441 888 494 Ambrosi

241 634 359 699 Iesus
388 637 420 699 et
448 635 539 699 alibi:
570 635 667 717 quid
694 653 752 698 me
779 633 914 698 uultis
947 632 1134 698 occidere
1164 633 1386 697 hominem?

241 741 322 824 legit
349 741 444 806 ctiam
472 742 568 806 Arius
598 742 672 823 quia
699 740 792 806 dixit:
821 741 1009 824 quoniam
1035 745 1153 823 pater
1181 739 1307 805 maior
1330 758 1386 803 me

242 856 314 912 est.
351 848 471 932 legitur
502 848 631 931 quidem
663 847 880 926 manifestum,
915 848 971 913 sed
1009 866 1071 929 qna
1106 847 1228 911 ratione
1266 847 1386 911 dictum
1450 848 1473 902 D

243 954 286 1018 sit
331 953 427 1018 debet
462 958 533 1019 ante
569 957 761 1037 pertractare
799 973 918 1031 secum,
956 959 994 1019 ut
1032 954 1186 1018 rationem
1229 953 1386 1018 dictorum

242 1061 348 1143 possit
370 1061 544 1126 aduertere.
569 1060 698 1126 ducitur
720 1061 856 1144 quadam
880 1059 1105 1145 magistrorum
1130 1061 1330 1138 auctoritate,
1356 1064 1388 1124 et
1414 1076 1426 1114 ⁵

241 1167 415 1249 profuisset
442 1167 470 1232 ei
498 1186 560 1231 non
590 1168 755 1250 quaesisse
784 1187 879 1250 quam
907 1169 1003 1233 talem
1027 1167 1189 1233 inuenisse
1214 1167 1386 1232 doctorem.

242 1273 414 1338 sedetiam
438 1274 567 1358 gentilis
591 1275 619 1339 si
643 1275 714 1357 quis
739 1275 913 1356 scripturus
938 1275 1082 1356 accipiat,
1107 1275 1201 1360 legit:
1227 1276 1388 1339 oculunr

241 1399 310 1463 pro
345 1381 474 1459 oculo,
508 1381 664 1446 dentem
698 1401 766 1465 pro
801 1382 929 1457 dente,
960 1382 1041 1465 legit
1069 1383 1180 1448 etiam:
1214 1382 1249 1446 si
1280 1399 1390 1446 scan-

244 1486 498 1551 daliuauerit
519 1492 558 1552 te
581 1487 747 1552 dextera
768 1491 847 1565 tua,
873 1488 1038 1554 abscide
1062 1488 1191 1553 illam:
1216 1506 1277 1553 non
1297 1486 1389 1551 intel-

240 1594 323 1678 legit
359 1612 499 1672 sensum,
536 1614 597 1658 non
634 1594 774 1658 aduertit
810 1595 909 1658 diuini
936 1597 1089 1660 sermonis
1133 1614 1252 1672 arcana,
1294 1594 1387 1676 peius
1409 1613 1433 1651 ro
1555 1651 1556 1684 p

241 1701 361 1766 labitur
388 1720 482 1783 quarn
511 1701 538 1766 si
566 1719 627 1764 uon
655 1701 798 1784 legisset.
828 1706 860 1766 et
887 1702 957 1766 ideo
986 1703 1097 1767 docuit
1119 1701 1390 1785 quemadmodum
1451 1699 1471 1753 Ε
1555 1719 1556 1804 p

181 1799 184 1804 ’
243 1807 293 1872 dei
323 1807 457 1872 uerbum
486 1807 681 1890 inuestigare
712 1806 872 1884 deberent,
903 1828 964 1873 non
995 1809 1219 1892 perfunctorie,
1250 1828 1310 1874 non
1343 1809 1389 1871 in·
1555 1813 1556 1816 ’

242 1915 385 1995 prouida,
409 1915 466 1980 aed
490 1914 657 1998 diligenter
680 1918 775 1996 atque
800 1913 948 1979 sollicite.
974 1916 1079 1998 quod
1103 1919 1189 1998 erat
1212 1916 1318 1997 inquit
1342 1916 1387 1980 ab

244 2022 376 2099 initio,
410 2021 516 2105 quod
551 2022 785 2086 audiuimus
822 2025 861 2086 et
897 2022 1001 2103 quod
1038 2023 1216 2087 uidimus
1254 2023 1387 2088 oeulis

243 2128 412 2206 nostris,
441 2130 722 2212 perspeximus
747 2132 783 2193 et
805 2125 945 2192 manus
970 2131 1135 2192 nostrae
1159 2131 1429 2209 perscruta-1⁵

242 2239 307 2298 tae
326 2237 428 2299 sunt
447 2235 492 2299 de
511 2235 631 2300 uerbo
651 2237 779 2300 uitae:
804 2239 843 2300 et
863 2235 1042 2299 uidimus
1067 2237 1106 2298 et
1128 2238 1329 2299 testamur
1352 2237 1389 2298 et

244 2339 536 2405 adnuntiamus
569 2342 698 2406 uobis.
731 2341 823 2405 uides
857 2341 941 2423 quod
973 2345 1046 2406 ante
1079 2341 1225 2405 manibus
1259 2341 1389 2423 quibus·

245 2447 316 2510 dam
352 2451 572 2528 perscrutatus
609 2446 653 2511 sit
684 2446 735 2510 dei
767 2447 902 2511 uerbum
936 2451 969 2511 et
999 2449 1111 2530 postea
1144 2447 1387 2513 adnuntiaucrit.

245 2557 278 2618 et
306 2553 377 2619 ideo
408 2553 488 2618 nihil
518 2552 619 2618 Adam
649 2557 682 2617 et
708 2553 811 2618 Euam
838 2555 973 2619 fortasse
1001 2554 1166 2618 nocuisset
1192 2554 1337 2632 uerbum,
1362 2554 1389 2618 si

243 2659 510 2740 pertractantibus
547 2659 715 2743 diligenter
752 2659 869 2726 mentis
909 2658 1099 2742 quibusdam
1136 2661 1282 2724 menibus
1317 2663 1388 2726 ante
1407 2657 1465 2716 ὀἳ

243 2767 441 2850 tetigissent
465 2766 580 2830 infirmi
604 2767 685 2831 enirn
706 2767 927 2849 pertractando
948 2770 979 2830 et
998 2766 1184 2851 diligentius
1202 2767 1389 2850 requirendo

244 2874 496 2956 uniuscuiusque
507 2893 601 2956 quam
612 2873 1389 2960 nonintelleguntpossuntinuestigarenaturam.

336 3135 428 3189 run.
448 3135 474 3198 a,
493 3135 529 3189 ro
583 3136 676 3190 aron.
698 3136 794 3200 1128
855 3135 978 3192 insuit.
998 3137 1041 3201 24,
1061 3137 1096 3191 ao
1155 3137 1289 3192 ansul.
1311 3139 1336 3202 a,
1356 3139 1391 3194 ao

247 3223 530 3294 1311011.1‚1sq.

281 3365 380 3432 3fort.
399 3365 544 3419 manifesto
620 3365 792 3419 trationum
813 3364 839 3417 A
911 3363 1048 3419 5dicitnr
1065 3363 1208 3419 ARSBV¹
1228 3363 1343 3419 discitur
1360 3365 1390 3418 D

282 3454 391 3523 qnidurn
409 3454 494 3508 APV
510 3458 538 3508 et
557 3453 673 3523 quodam
692 3452 758 3508 RV‘
777 3452 887 3522 quidem
904 3453 949 3507 P⁴¹
1023 3455 1039 3507 6
1058 3453 1207 3523 profuisset
1226 3457 1250 3519 (t
1266 3470 1289 3509 a.
1307 3459 1348 3520 u.)
1366 3454 1393 3507 P

282 3543 434 3612 quaesisset
451 3544 478 3594 A
570 3544 585 3595 7
604 3542 664 3611 quis
684 3559 735 3597 om.
754 3542 819 3596 ΙΝ
897 3544 930 3596 10
949 3543 1050 3596 auertit
1067 3542 1130 3596 RP‘
1148 3547 1174 3596 et
1193 3546 1274 3611 (corr.
1292 3547 1351 3609 m2)
1371 3541 1393 3597 S

246 3631 440 3686 animaduertit
457 3631 487 3702 (d
505 3649 526 3685 s.
545 3635 585 3698 sc.)
600 3632 627 3684 B
700 3632 830 3685 sermonis
849 3633 966 3686 archana
979 3631 1006 3684 A
1026 3635 1051 3696 (r
1069 3633 1118 3688 alt.
1137 3647 1158 3686 s.
1173 3633 1213 3702 u.)
1227 3632 1256 3685 D
1275 3631 1392 3686 archana

247 3727 356 3779 (arcana
373 3721 421 3786 M)
441 3721 572 3774 sermonis
592 3726 638 3774 cet.
705 3721 737 3774 13
758 3721 850 3790 atque]
872 3737 903 3774 ac
921 3721 948 3774 B
1013 3721 1046 3774 14
1065 3724 1093 3773 et
1112 3720 1280 3774 annocum
1299 3727 1391 3774 traus-

231 3810 324 3878 ‚pom‘t
344 3809 375 3860 θ’
448 3809 533 3863 oculis
551 3810 652 3862 nostris
671 3810 857 3879 perspeximus
876 3825 927 3863 om.
947 3809 979 3861 N
1070 3811 1102 3864 15
1122 3812 1151 3862 et
1169 3815 1391 3864 manus...suut

246 3901 277 3950 in
294 3914 345 3966 mo.
364 3898 418 3966 inf.
437 3899 463 3950 A
520 3905 548 3951 et
567 3898 639 3967 quod
656 3915 752 3952 manus
771 3897 828 3952 SP‘
886 3899 917 3952 17
936 3898 1061 3953 manibus
1079 3898 1191 3952 APVD
1210 3898 1287 3951 uelut
1306 3898 1390 3951 maui-

245 3988 296 4041 bus
315 3993 362 4041 cet.
445 3987 478 4039 18
493 3987 667 4041 adnuntiaret
684 3987 749 4041 ΒΨ
769 3987 939 4041 adnuntiarit
956 3988 994 4042 M
1072 3988 1104 4041 19
1124 3985 1203 4041 edam
1222 3989 1250 4040 et
1269 3984 1390 4040 enemll

247 4075 313 4129 adae
334 4080 362 4128 et
380 4091 446 4129 euae
464 4076 494 4128 N
547 4077 699 4130 naenias-et
717 4077 743 4147 (e
763 4081 846 4143 eros.)
864 4077 892 4130 A
927 4078 963 4132 20
983 4075 1110 4130 dilienter
1128 4077 1155 4130 A
1228 4074 1389 4145 quibusdam

248 4171 272 4233 (s
289 4181 312 4219 a.
331 4169 370 4226 u.)
389 4166 416 4217 A
471 4165 504 4218 21
524 4165 630 4228 infirma
650 4165 670 4228 (i
688 4181 708 4218 s.
729 4173 755 4230 a)
775 4169 803 4218 A
875 4165 1090 4234 requirrendoA
1144 4165 1179 4217 22
1195 4171 1259 4233 post
1276 4165 1389 4218 inuesti-

247 4269 311 4322 gare
335 4252 401 4305 cdd.
425 4254 588 4306 sententiam
610 4254 778 4322 inuestigare
802 4254 839 4316 N,
862 4253 1029 4322 inuestigare
1053 4254 1215 4308 sententiam
1239 4253 1306 4308 add.
1326 4259 1390 4323 post

246 4340 407 4410 requirendo
428 4339 452 4392 0
468 4341 635 4410 inuestigare
653 4342 818 4396 sententiam
838 4345 900 4407 (eru.
919 4342 1085 4411 inuestigare
1104 4345 1239 4410 naturam)
1262 4341 1291 4396 0¹
