<?xml version="1.0" encoding="UTF-8"?>
<!DOCTYPE html PUBLIC "-//W3C//DTD XHTML 1.0 Transitional//EN"
    "http://www.w3.org/TR/xhtml1/DTD/xhtml1-transitional.dtd">
<html xmlns="http://www.w3.org/1999/xhtml" xml:lang="en" lang="en">
 <head>
  <title>
</title>
<meta http-equiv="Content-Type" content="text/html;charset=utf-8" />
  <meta name='ocr-system' content='tesseract 3.04.00' />
  <meta name='ocr-capabilities' content='ocr_page ocr_carea ocr_par ocr_line ocrx_word'/>
</head>
<body>
  <div class='ocr_page' id='page_1' title='image "./corpusscriptoru00wissgoog_0490.png"; bbox 0 0 3142 4967; ppageno 0'>
   <div class='ocr_carea' id='block_1_1' title="bbox 260 482 932 553">
    <p class='ocr_par' dir='ltr' id='par_1_1' title="bbox 260 482 932 553">
     <span class='ocr_line' id='line_1_1' title="bbox 260 482 932 553; baseline -0.024 -1"><span class='ocrx_word' id='word_1_1' title='bbox 260 489 325 553; x_wconf 82' lang='grc'>482</span> <span class='ocrx_word' id='word_1_2' title='bbox 731 482 932 537; x_wconf 78' lang='lat' dir='ltr'>Ambrosii</span> 
     </span>
    </p>
   </div>
   <div class='ocr_carea' id='block_1_2' title="bbox 177 670 1490 3643">
    <p class='ocr_par' dir='ltr' id='par_1_2' title="bbox 259 670 1489 1386">
     <span class='ocr_line' id='line_1_2' title="bbox 260 670 1408 762; baseline 0.001 -18"><span class='ocrx_word' id='word_1_3' title='bbox 260 680 408 746; x_wconf 90' lang='lat' dir='ltr'>monibus</span> <span class='ocrx_word' id='word_1_4' title='bbox 432 680 559 744; x_wconf 90' lang='lat' dir='ltr'>nostris.</span> <span class='ocrx_word' id='word_1_5' title='bbox 594 679 730 762; x_wconf 89' lang='lat' dir='ltr'>ideoque</span> <span class='ocrx_word' id='word_1_6' title='bbox 753 680 813 744; x_wconf 87' lang='lat' dir='ltr'>ait:</span> <span class='ocrx_word' id='word_1_7' title='bbox 847 680 891 744; x_wconf 90' lang='lat' dir='ltr'>de</span> <span class='ocrx_word' id='word_1_8' title='bbox 915 670 1286 762; x_wconf 69' lang='lat' dir='ltr'>multiloquio&#39;non</span> <span class='ocrx_word' id='word_1_9' title='bbox 1310 678 1408 745; x_wconf 89' lang='lat' dir='ltr'>effu-</span> 
     </span>
     <span class='ocr_line' id='line_1_3' title="bbox 261 786 1406 871; baseline 0 -20"><span class='ocrx_word' id='word_1_10' title='bbox 261 787 348 871; x_wconf 87' lang='lat' dir='ltr'>gies</span> <span class='ocrx_word' id='word_1_11' title='bbox 379 789 604 870; x_wconf 87' lang='lat' dir='ltr'>peccatum.</span> <span class='ocrx_word' id='word_1_12' title='bbox 637 806 710 871; x_wconf 88' lang='lat' dir='ltr'>ergo</span> <span class='ocrx_word' id='word_1_13' title='bbox 743 786 804 851; x_wconf 89' lang='lat' dir='ltr'>hoo</span> <span class='ocrx_word' id='word_1_14' title='bbox 839 786 1011 870; x_wconf 85' lang='lat' dir='ltr'>significari</span> <span class='ocrx_word' id='word_1_15' title='bbox 1043 786 1179 863; x_wconf 87' lang='lat' dir='ltr'>uidetur,</span> <span class='ocrx_word' id='word_1_16' title='bbox 1211 806 1273 851; x_wconf 92' lang='lat' dir='ltr'>non</span> <span class='ocrx_word' id='word_1_17' title='bbox 1303 786 1406 851; x_wconf 85' lang='lat' dir='ltr'>solum</span> 
     </span>
     <span class='ocr_line' id='line_1_4' title="bbox 261 891 1408 977; baseline -0.002 -18"><span class='ocrx_word' id='word_1_18' title='bbox 261 894 364 976; x_wconf 82' lang='lat' dir='ltr'>operis</span> <span class='ocrx_word' id='word_1_19' title='bbox 388 893 499 969; x_wconf 79' lang='lat' dir='ltr'>nostri,</span> <span class='ocrx_word' id='word_1_20' title='bbox 526 893 581 958; x_wconf 88' lang='lat' dir='ltr'>sed</span> <span class='ocrx_word' id='word_1_21' title='bbox 605 893 702 957; x_wconf 90' lang='lat' dir='ltr'>etiam</span> <span class='ocrx_word' id='word_1_22' title='bbox 726 893 892 971; x_wconf 84' lang='lat' dir='ltr'>sermonis,</span> <span class='ocrx_word' id='word_1_23' title='bbox 917 893 972 975; x_wconf 89' lang='lat' dir='ltr'>qui</span> <span class='ocrx_word' id='word_1_24' title='bbox 997 894 1046 957; x_wconf 85' lang='lat' dir='ltr'>eat</span> <span class='ocrx_word' id='word_1_25' title='bbox 1068 892 1172 977; x_wconf 87' lang='lat' dir='ltr'>magio</span> <span class='ocrx_word' id='word_1_26' title='bbox 1200 891 1408 971; x_wconf 84' lang='lat' dir='ltr'>domesticus,</span> 
     </span>
     <span class='ocr_line' id='line_1_5' title="bbox 259 998 1408 1083; baseline -0.002 -17"><span class='ocrx_word' id='word_1_27' title='bbox 259 1000 414 1066; x_wconf 88' lang='lat' dir='ltr'>rationem</span> <span class='ocrx_word' id='word_1_28' title='bbox 442 999 568 1066; x_wconf 91' lang='lat' dir='ltr'>domino</span> <span class='ocrx_word' id='word_1_29' title='bbox 597 1020 667 1065; x_wconf 88' lang='lat' dir='ltr'>esse</span> <span class='ocrx_word' id='word_1_30' title='bbox 695 1000 897 1065; x_wconf 78' lang='lat' dir='ltr'>reddendam.</span> <span class='ocrx_word' id='word_1_31' title='bbox 932 1003 964 1064; x_wconf 91' lang='lat' dir='ltr'>et</span> <span class='ocrx_word' id='word_1_32' title='bbox 991 999 1062 1064; x_wconf 92' lang='lat' dir='ltr'>ideo</span> <span class='ocrx_word' id='word_1_33' title='bbox 1092 998 1278 1083; x_wconf 87' lang='lat' dir='ltr'>diligentius</span> <span class='ocrx_word' id='word_1_34' title='bbox 1307 1000 1408 1065; x_wconf 87' lang='lat' dir='ltr'>conei-</span> 
     </span>
     <span class='ocr_line' id='line_1_6' title="bbox 261 1106 1489 1189; baseline -0.002 -17"><span class='ocrx_word' id='word_1_35' title='bbox 261 1106 445 1185; x_wconf 85' lang='lat' dir='ltr'>derandum‚</span> <span class='ocrx_word' id='word_1_36' title='bbox 473 1126 512 1171; x_wconf 90' lang='lat' dir='ltr'>ne</span> <span class='ocrx_word' id='word_1_37' title='bbox 540 1108 592 1173; x_wconf 89' lang='lat' dir='ltr'>uel</span> <span class='ocrx_word' id='word_1_38' title='bbox 621 1126 764 1173; x_wconf 86' lang='lat' dir='ltr'>sermone</span> <span class='ocrx_word' id='word_1_39' title='bbox 792 1108 846 1171; x_wconf 90' lang='lat' dir='ltr'>uel</span> <span class='ocrx_word' id='word_1_40' title='bbox 875 1127 968 1189; x_wconf 90' lang='lat' dir='ltr'>opere</span> <span class='ocrx_word' id='word_1_41' title='bbox 997 1107 1219 1171; x_wconf 77' lang='lat' dir='ltr'><strong>contrahamus</strong></span> <span class='ocrx_word' id='word_1_42' title='bbox 1245 1106 1406 1181; x_wconf 80' lang='lat' dir='ltr'>offensam,</span> <span class='ocrx_word' id='word_1_43' title='bbox 1436 1114 1489 1169; x_wconf 78' lang='lat' dir='ltr'>ed</span> 
     </span>
     <span class='ocr_line' id='line_1_7' title="bbox 261 1212 1408 1297; baseline 0.001 -19"><span class='ocrx_word' id='word_1_44' title='bbox 261 1215 336 1296; x_wconf 89' lang='lat' dir='ltr'>quia</span> <span class='ocrx_word' id='word_1_45' title='bbox 363 1215 448 1279; x_wconf 89' lang='lat' dir='ltr'>sicut</span> <span class='ocrx_word' id='word_1_46' title='bbox 474 1233 527 1278; x_wconf 87' lang='lat' dir='ltr'>ore</span> <span class='ocrx_word' id='word_1_47' title='bbox 552 1215 710 1280; x_wconf 86' lang='lat' dir='ltr'>confessio</span> <span class='ocrx_word' id='word_1_48' title='bbox 733 1214 770 1279; x_wconf 87' lang='lat' dir='ltr'>fit</span> <span class='ocrx_word' id='word_1_49' title='bbox 794 1214 833 1279; x_wconf 90' lang='lat' dir='ltr'>ad</span> <span class='ocrx_word' id='word_1_50' title='bbox 858 1216 1004 1293; x_wconf 83' lang='lat' dir='ltr'>salutem,</span> <span class='ocrx_word' id='word_1_51' title='bbox 1029 1214 1075 1279; x_wconf 85' lang='lat' dir='ltr'>sic</span> <span class='ocrx_word' id='word_1_52' title='bbox 1099 1233 1152 1278; x_wconf 87' lang='lat' dir='ltr'>ore</span> <span class='ocrx_word' id='word_1_53' title='bbox 1175 1212 1212 1278; x_wconf 91' lang='lat' dir='ltr'>fit</span> <span class='ocrx_word' id='word_1_54' title='bbox 1233 1215 1345 1297; x_wconf 88' lang='lat' dir='ltr'>lapsus</span> <span class='ocrx_word' id='word_1_55' title='bbox 1368 1215 1408 1279; x_wconf 88' lang='lat' dir='ltr'>cd</span> 
     </span>
     <span class='ocr_line' id='line_1_8' title="bbox 261 1326 406 1386; baseline -0.014 -1"><span class='ocrx_word' id='word_1_56' title='bbox 261 1326 406 1386; x_wconf 88' lang='lat' dir='ltr'>mortem.</span> 
     </span>
    </p>

    <p class='ocr_par' dir='ltr' id='par_1_3' title="bbox 195 1425 1490 2364">
     <span class='ocr_line' id='line_1_9' title="bbox 195 1425 1408 1509; baseline 0.001 -19"><span class='ocrx_word' id='word_1_57' title='bbox 195 1426 237 1490; x_wconf 89' lang='grc'>98</span> <span class='ocrx_word' id='word_1_58' title='bbox 307 1427 381 1507; x_wconf 84' lang='lat' dir='ltr'>Qui</span> <span class='ocrx_word' id='word_1_59' title='bbox 406 1427 608 1493; x_wconf 87' lang='lat' dir='ltr'>effuderit</span> <span class='ocrx_word' id='word_1_60' title='bbox 629 1426 734 1509; x_wconf 91' lang='lat' dir='ltr'>inquit</span> <span class='ocrx_word' id='word_1_61' title='bbox 758 1426 996 1509; x_wconf 86' lang='lat' dir='ltr'>sanguinem</span> <span class='ocrx_word' id='word_1_62' title='bbox 1023 1425 1197 1491; x_wconf 89' lang='lat' dir='ltr'>hominis</span> <span class='ocrx_word' id='word_1_63' title='bbox 1227 1446 1295 1509; x_wconf 87' lang='lat' dir='ltr'>pro</span> <span class='ocrx_word' id='word_1_64' title='bbox 1327 1446 1408 1491; x_wconf 87' lang='lat' dir='ltr'>sau-</span> 
     </span>
     <span class='ocr_line' id='line_1_10' title="bbox 262 1533 1409 1619; baseline -0.001 -20"><span class='ocrx_word' id='word_1_65' title='bbox 262 1535 385 1619; x_wconf 85' lang='lat' dir='ltr'>guine</span> <span class='ocrx_word' id='word_1_66' title='bbox 415 1534 593 1598; x_wconf 90' lang='lat' dir='ltr'>hominis</span> <span class='ocrx_word' id='word_1_67' title='bbox 624 1534 712 1599; x_wconf 91' lang='lat' dir='ltr'>eius</span> <span class='ocrx_word' id='word_1_68' title='bbox 744 1533 993 1598; x_wconf 82' lang='lat' dir='ltr'>effundetur.</span> <span class='ocrx_word' id='word_1_69' title='bbox 1026 1552 1088 1598; x_wconf 89' lang='lat' dir='ltr'>non</span> <span class='ocrx_word' id='word_1_70' title='bbox 1118 1534 1235 1597; x_wconf 88' lang='lat' dir='ltr'>errauit</span> <span class='ocrx_word' id='word_1_71' title='bbox 1259 1533 1409 1613; x_wconf 76' lang='lat' dir='ltr'>elocutio,</span> 
     </span>
     <span class='ocr_line' id='line_1_11' title="bbox 262 1639 1450 1723; baseline -0.005 -16"><span class='ocrx_word' id='word_1_72' title='bbox 262 1642 317 1707; x_wconf 89' lang='lat' dir='ltr'>sed</span> <span class='ocrx_word' id='word_1_73' title='bbox 341 1640 490 1723; x_wconf 87' lang='lat' dir='ltr'>enphasis</span> <span class='ocrx_word' id='word_1_74' title='bbox 513 1640 598 1706; x_wconf 89' lang='lat' dir='ltr'>facta</span> <span class='ocrx_word' id='word_1_75' title='bbox 620 1642 790 1706; x_wconf 90' lang='lat' dir='ltr'>uerborum</span> <span class='ocrx_word' id='word_1_76' title='bbox 816 1645 874 1718; x_wconf 82' lang='lat' dir='ltr'>est,</span> <span class='ocrx_word' id='word_1_77' title='bbox 896 1659 932 1704; x_wconf 91' lang='lat' dir='ltr'>eo</span> <span class='ocrx_word' id='word_1_78' title='bbox 952 1639 1084 1722; x_wconf 82' lang='lat' dir='ltr'>quodie</span> <span class='ocrx_word' id='word_1_79' title='bbox 1104 1640 1158 1721; x_wconf 92' lang='lat' dir='ltr'>qui</span> <span class='ocrx_word' id='word_1_80' title='bbox 1177 1640 1323 1705; x_wconf 87' lang='lat' dir='ltr'>effuderit</span> <span class='ocrx_word' id='word_1_81' title='bbox 1342 1660 1410 1706; x_wconf 88' lang='lat' dir='ltr'>san·</span> <span class='ocrx_word' id='word_1_82' title='bbox 1427 1664 1450 1702; x_wconf 84' lang='lat' dir='ltr'>n</span> 
     </span>
     <span class='ocr_line' id='line_1_12' title="bbox 262 1746 1409 1833; baseline 0.002 -22"><span class='ocrx_word' id='word_1_83' title='bbox 262 1748 390 1833; x_wconf 87' lang='lat' dir='ltr'>guinem</span> <span class='ocrx_word' id='word_1_84' title='bbox 423 1747 559 1813; x_wconf 88' lang='lat' dir='ltr'>hominis</span> <span class='ocrx_word' id='word_1_85' title='bbox 591 1748 660 1830; x_wconf 91' lang='lat' dir='ltr'>ipse</span> <span class='ocrx_word' id='word_1_86' title='bbox 693 1749 783 1830; x_wconf 90' lang='lat' dir='ltr'>quasi</span> <span class='ocrx_word' id='word_1_87' title='bbox 817 1747 948 1831; x_wconf 88' lang='lat' dir='ltr'>sanguis</span> <span class='ocrx_word' id='word_1_88' title='bbox 982 1746 1170 1824; x_wconf 84' lang='lat' dir='ltr'>effundetur,</span> <span class='ocrx_word' id='word_1_89' title='bbox 1204 1747 1287 1829; x_wconf 90' lang='lat' dir='ltr'>quod</span> <span class='ocrx_word' id='word_1_90' title='bbox 1320 1767 1409 1829; x_wconf 88' lang='lat' dir='ltr'>spem</span> 
     </span>
     <span class='ocr_line' id='line_1_13' title="bbox 263 1853 1409 1939; baseline 0 -20"><span class='ocrx_word' id='word_1_91' title='bbox 263 1856 291 1919; x_wconf 91' lang='lat' dir='ltr'>ei</span> <span class='ocrx_word' id='word_1_92' title='bbox 313 1855 511 1938; x_wconf 75' lang='lat' dir='ltr'>posteritatis</span> <span class='ocrx_word' id='word_1_93' title='bbox 536 1856 657 1938; x_wconf 81' lang='lat' dir='ltr'>eripiat,</span> <span class='ocrx_word' id='word_1_94' title='bbox 683 1856 756 1937; x_wconf 88' lang='lat' dir='ltr'>quia</span> <span class='ocrx_word' id='word_1_95' title='bbox 779 1856 864 1919; x_wconf 88' lang='lat' dir='ltr'>sicut</span> <span class='ocrx_word' id='word_1_96' title='bbox 888 1854 1018 1939; x_wconf 86' lang='lat' dir='ltr'>sanguis</span> <span class='ocrx_word' id='word_1_97' title='bbox 1042 1854 1133 1919; x_wconf 83' lang='lat' dir='ltr'>fusus</span> <span class='ocrx_word' id='word_1_98' title='bbox 1155 1853 1188 1917; x_wconf 94' lang='lat' dir='ltr'>in</span> <span class='ocrx_word' id='word_1_99' title='bbox 1212 1857 1329 1919; x_wconf 91' lang='lat' dir='ltr'>terram</span> <span class='ocrx_word' id='word_1_100' title='bbox 1352 1855 1409 1919; x_wconf 84' lang='lat' dir='ltr'>hac</span> 
     </span>
     <span class='ocr_line' id='line_1_14' title="bbox 262 1960 1410 2046; baseline -0.001 -20"><span class='ocrx_word' id='word_1_101' title='bbox 262 1967 357 2044; x_wconf 88' lang='lat' dir='ltr'>atque</span> <span class='ocrx_word' id='word_1_102' title='bbox 380 1962 454 2026; x_wconf 84' lang='lat' dir='ltr'>illac</span> <span class='ocrx_word' id='word_1_103' title='bbox 478 1962 639 2046; x_wconf 86' lang='lat' dir='ltr'>spargitur</span> <span class='ocrx_word' id='word_1_104' title='bbox 660 1962 707 2027; x_wconf 87' lang='lat' dir='ltr'>ite</span> <span class='ocrx_word' id='word_1_105' title='bbox 728 1962 899 2045; x_wconf 89' lang='lat' dir='ltr'>impiorum</span> <span class='ocrx_word' id='word_1_106' title='bbox 920 1962 1024 2026; x_wconf 88' lang='lat' dir='ltr'>anima</span> <span class='ocrx_word' id='word_1_107' title='bbox 1042 1980 1209 2043; x_wconf 81' lang='lat' dir='ltr'>corporeae</span> <span class='ocrx_word' id='word_1_108' title='bbox 1227 1960 1410 2045; x_wconf 86' lang='lat' dir='ltr'>fragilitatis</span> 
     </span>
     <span class='ocr_line' id='line_1_15' title="bbox 261 2068 1490 2151; baseline 0 -18"><span class='ocrx_word' id='word_1_109' title='bbox 261 2088 349 2133; x_wconf 89' lang='lat' dir='ltr'>more</span> <span class='ocrx_word' id='word_1_110' title='bbox 373 2069 525 2146; x_wconf 79' lang='lat' dir='ltr'>soluatur,</span> <span class='ocrx_word' id='word_1_111' title='bbox 550 2070 625 2151; x_wconf 89' lang='lat' dir='ltr'>quia</span> <span class='ocrx_word' id='word_1_112' title='bbox 648 2073 681 2132; x_wconf 90' lang='lat' dir='ltr'>et</span> <span class='ocrx_word' id='word_1_113' title='bbox 703 2070 741 2133; x_wconf 90' lang='lat' dir='ltr'>de</span> <span class='ocrx_word' id='word_1_114' title='bbox 765 2069 870 2133; x_wconf 88' lang='lat' dir='ltr'>anima</span> <span class='ocrx_word' id='word_1_115' title='bbox 889 2068 1009 2133; x_wconf 88' lang='lat' dir='ltr'>dictum</span> <span class='ocrx_word' id='word_1_116' title='bbox 1030 2072 1080 2133; x_wconf 88' lang='lat' dir='ltr'>est</span> <span class='ocrx_word' id='word_1_117' title='bbox 1098 2072 1232 2133; x_wconf 86' lang='lat' dir='ltr'>mortem</span> <span class='ocrx_word' id='word_1_118' title='bbox 1252 2068 1320 2131; x_wconf 90' lang='lat' dir='ltr'>eius</span> <span class='ocrx_word' id='word_1_119' title='bbox 1341 2088 1412 2133; x_wconf 86' lang='lat' dir='ltr'>esse</span> <span class='ocrx_word' id='word_1_120' title='bbox 1470 2072 1490 2125; x_wconf 85' lang='lat' dir='ltr'>D</span> 
     </span>
     <span class='ocr_line' id='line_1_16' title="bbox 263 2173 1450 2260; baseline -0.002 -21"><span class='ocrx_word' id='word_1_121' title='bbox 263 2174 505 2257; x_wconf 79' lang='lat' dir='ltr'>corruptionem,</span> <span class='ocrx_word' id='word_1_122' title='bbox 534 2193 570 2239; x_wconf 93' lang='lat' dir='ltr'>eo</span> <span class='ocrx_word' id='word_1_123' title='bbox 596 2174 680 2256; x_wconf 91' lang='lat' dir='ltr'>quod</span> <span class='ocrx_word' id='word_1_124' title='bbox 704 2175 824 2260; x_wconf 88' lang='lat' dir='ltr'>gratiae</span> <span class='ocrx_word' id='word_1_125' title='bbox 849 2175 995 2239; x_wconf 85' lang='lat' dir='ltr'>caelestis</span> <span class='ocrx_word' id='word_1_126' title='bbox 1018 2192 1148 2239; x_wconf 86' lang='lat' dir='ltr'>munere</span> <span class='ocrx_word' id='word_1_127' title='bbox 1173 2173 1359 2238; x_wconf 74' lang='lat' dir='ltr'>detrudetur</span> <span class='ocrx_word' id='word_1_128' title='bbox 1381 2178 1450 2239; x_wconf 77' lang='lat' dir='ltr'>eto</span> 
     </span>
     <span class='ocr_line' id='line_1_17' title="bbox 263 2280 1411 2364; baseline 0 -19"><span class='ocrx_word' id='word_1_129' title='bbox 263 2281 355 2346; x_wconf 90' lang='lat' dir='ltr'>uelut</span> <span class='ocrx_word' id='word_1_130' title='bbox 388 2281 509 2345; x_wconf 75' lang='lat' dir='ltr'>confisa</span> <span class='ocrx_word' id='word_1_131' title='bbox 540 2281 681 2346; x_wconf 86' lang='lat' dir='ltr'>malitiae</span> <span class='ocrx_word' id='word_1_132' title='bbox 709 2280 851 2364; x_wconf 89' lang='lat' dir='ltr'>scopulis</span> <span class='ocrx_word' id='word_1_133' title='bbox 880 2280 1077 2345; x_wconf 83' lang='lat' dir='ltr'>salubritatis</span> <span class='ocrx_word' id='word_1_134' title='bbox 1107 2299 1182 2345; x_wconf 85' lang='lat' dir='ltr'>suae</span> <span class='ocrx_word' id='word_1_135' title='bbox 1212 2298 1327 2362; x_wconf 85' lang='lat' dir='ltr'>corpus</span> <span class='ocrx_word' id='word_1_136' title='bbox 1356 2281 1411 2345; x_wconf 93' lang='lat' dir='ltr'>im-</span> 
     </span>
    </p>

    <p class='ocr_par' dir='ltr' id='par_1_4' title="bbox 196 2386 1490 3537">
     <span class='ocr_line' id='line_1_18' title="bbox 196 2386 1411 2471; baseline 0.001 -21"><span class='ocrx_word' id='word_1_137' title='bbox 196 2386 238 2451; x_wconf 83' lang='lat'>99</span> <span class='ocrx_word' id='word_1_138' title='bbox 264 2388 396 2455; x_wconf 88' lang='lat' dir='ltr'>minuat.</span> <span class='ocrx_word' id='word_1_139' title='bbox 420 2390 531 2453; x_wconf 89' lang='lat' dir='ltr'>mouet</span> <span class='ocrx_word' id='word_1_140' title='bbox 554 2387 650 2453; x_wconf 87' lang='lat' dir='ltr'>etiam</span> <span class='ocrx_word' id='word_1_141' title='bbox 672 2389 840 2471; x_wconf 89' lang='lat' dir='ltr'>plerosque</span> <span class='ocrx_word' id='word_1_142' title='bbox 865 2387 950 2471; x_wconf 95' lang='lat' dir='ltr'>quod</span> <span class='ocrx_word' id='word_1_143' title='bbox 974 2386 1101 2451; x_wconf 84' lang='lat' dir='ltr'>dixerit:</span> <span class='ocrx_word' id='word_1_144' title='bbox 1127 2387 1172 2451; x_wconf 90' lang='lat' dir='ltr'>ad</span> <span class='ocrx_word' id='word_1_145' title='bbox 1195 2387 1411 2471; x_wconf 84' lang='lat' dir='ltr'>imaginem</span> 
     </span>
     <span class='ocr_line' id='line_1_19' title="bbox 263 2493 1411 2578; baseline -0.002 -19"><span class='ocrx_word' id='word_1_146' title='bbox 263 2496 328 2560; x_wconf 92' lang='lat' dir='ltr'>dei</span> <span class='ocrx_word' id='word_1_147' title='bbox 362 2494 442 2559; x_wconf 90' lang='lat' dir='ltr'>feci</span> <span class='ocrx_word' id='word_1_148' title='bbox 473 2494 668 2559; x_wconf 91' lang='lat' dir='ltr'>homiuem</span> <span class='ocrx_word' id='word_1_149' title='bbox 702 2498 734 2558; x_wconf 92' lang='lat' dir='ltr'>et</span> <span class='ocrx_word' id='word_1_150' title='bbox 765 2513 827 2559; x_wconf 92' lang='lat' dir='ltr'>nou</span> <span class='ocrx_word' id='word_1_151' title='bbox 860 2494 986 2559; x_wconf 80' lang='lat' dir='ltr'>dixerit:</span> <span class='ocrx_word' id='word_1_152' title='bbox 1020 2494 1059 2557; x_wconf 88' lang='lat' dir='ltr'>ad</span> <span class='ocrx_word' id='word_1_153' title='bbox 1092 2493 1264 2578; x_wconf 80' lang='lat' dir='ltr'>imaginem</span> <span class='ocrx_word' id='word_1_154' title='bbox 1296 2512 1411 2573; x_wconf 88' lang='lat' dir='ltr'>meam,</span> 
     </span>
     <span class='ocr_line' id='line_1_20' title="bbox 264 2598 1411 2685; baseline -0.002 -18"><span class='ocrx_word' id='word_1_155' title='bbox 264 2622 336 2667; x_wconf 90' lang='lat' dir='ltr'>cum</span> <span class='ocrx_word' id='word_1_156' title='bbox 360 2602 428 2685; x_wconf 87' lang='lat' dir='ltr'>ipse</span> <span class='ocrx_word' id='word_1_157' title='bbox 452 2602 496 2667; x_wconf 89' lang='lat' dir='ltr'>sit</span> <span class='ocrx_word' id='word_1_158' title='bbox 519 2600 609 2667; x_wconf 89' lang='lat' dir='ltr'>deus.</span> <span class='ocrx_word' id='word_1_159' title='bbox 633 2600 689 2665; x_wconf 89' lang='lat' dir='ltr'>sed</span> <span class='ocrx_word' id='word_1_160' title='bbox 707 2601 858 2685; x_wconf 86' lang='lat' dir='ltr'>intellege</span> <span class='ocrx_word' id='word_1_161' title='bbox 878 2604 911 2665; x_wconf 91' lang='lat' dir='ltr'>et</span> <span class='ocrx_word' id='word_1_162' title='bbox 928 2605 1051 2683; x_wconf 88' lang='lat' dir='ltr'>patrem</span> <span class='ocrx_word' id='word_1_163' title='bbox 1069 2620 1139 2665; x_wconf 89' lang='lat' dir='ltr'>esse</span> <span class='ocrx_word' id='word_1_164' title='bbox 1159 2604 1191 2663; x_wconf 90' lang='lat' dir='ltr'>et</span> <span class='ocrx_word' id='word_1_165' title='bbox 1209 2598 1311 2665; x_wconf 91' lang='lat' dir='ltr'>filium</span> <span class='ocrx_word' id='word_1_166' title='bbox 1331 2619 1411 2665; x_wconf 89' lang='lat' dir='ltr'>esse.</span> 
     </span>
     <span class='ocr_line' id='line_1_21' title="bbox 263 2708 1452 2792; baseline -0.002 -19"><span class='ocrx_word' id='word_1_167' title='bbox 263 2712 296 2773; x_wconf 88' lang='lat' dir='ltr'>et</span> <span class='ocrx_word' id='word_1_168' title='bbox 317 2710 395 2774; x_wconf 88' lang='lat' dir='ltr'>licet</span> <span class='ocrx_word' id='word_1_169' title='bbox 417 2728 472 2792; x_wconf 88' lang='lat' dir='ltr'>per</span> <span class='ocrx_word' id='word_1_170' title='bbox 493 2708 595 2773; x_wconf 85' lang='lat' dir='ltr'>filium</span> <span class='ocrx_word' id='word_1_171' title='bbox 615 2708 722 2774; x_wconf 91' lang='lat' dir='ltr'>omnia</span> <span class='ocrx_word' id='word_1_172' title='bbox 739 2708 823 2772; x_wconf 88' lang='lat' dir='ltr'>facta</span> <span class='ocrx_word' id='word_1_173' title='bbox 842 2712 927 2785; x_wconf 81' lang='lat' dir='ltr'>eunt,</span> <span class='ocrx_word' id='word_1_174' title='bbox 947 2711 1053 2772; x_wconf 90' lang='lat' dir='ltr'>tamen</span> <span class='ocrx_word' id='word_1_175' title='bbox 1071 2708 1209 2791; x_wconf 89' lang='lat' dir='ltr'>legimus</span> <span class='ocrx_word' id='word_1_176' title='bbox 1230 2708 1306 2789; x_wconf 87' lang='lat' dir='ltr'>quia</span> <span class='ocrx_word' id='word_1_177' title='bbox 1322 2708 1412 2789; x_wconf 89' lang='lat' dir='ltr'>pater</span> <span class='ocrx_word' id='word_1_178' title='bbox 1428 2732 1452 2771; x_wconf 79' lang='lat' dir='ltr'>ro</span> 
     </span>
     <span class='ocr_line' id='line_1_22' title="bbox 262 2805 1490 2896; baseline -0.002 -17"><span class='ocrx_word' id='word_1_179' title='bbox 262 2815 373 2880; x_wconf 87' lang='lat' dir='ltr'>fecerit</span> <span class='ocrx_word' id='word_1_180' title='bbox 396 2814 501 2880; x_wconf 90' lang='lat' dir='ltr'>omnia</span> <span class='ocrx_word' id='word_1_181' title='bbox 525 2817 557 2879; x_wconf 90' lang='lat' dir='ltr'>et</span> <span class='ocrx_word' id='word_1_182' title='bbox 574 2815 687 2879; x_wconf 89' lang='lat' dir='ltr'>fecerit</span> <span class='ocrx_word' id='word_1_183' title='bbox 703 2833 760 2896; x_wconf 88' lang='lat' dir='ltr'>per</span> <span class='ocrx_word' id='word_1_184' title='bbox 776 2813 891 2892; x_wconf 87' lang='lat' dir='ltr'>filium,</span> <span class='ocrx_word' id='word_1_185' title='bbox 912 2814 998 2879; x_wconf 86' lang='lat' dir='ltr'>sicut</span> <span class='ocrx_word' id='word_1_186' title='bbox 1017 2814 1171 2896; x_wconf 85' lang='lat' dir='ltr'>scriptum</span> <span class='ocrx_word' id='word_1_187' title='bbox 1192 2816 1255 2877; x_wconf 87' lang='lat' dir='ltr'>est:</span> <span class='ocrx_word' id='word_1_188' title='bbox 1280 2814 1411 2878; x_wconf 91' lang='lat' dir='ltr'>omnia</span> <span class='ocrx_word' id='word_1_189' title='bbox 1471 2805 1490 2860; x_wconf 76' lang='grc' dir='ltr'>Ε</span> 
     </span>
     <span class='ocr_line' id='line_1_23' title="bbox 263 2919 1412 3004; baseline -0.002 -19"><span class='ocrx_word' id='word_1_190' title='bbox 263 2921 302 2986; x_wconf 93' lang='lat' dir='ltr'>in</span> <span class='ocrx_word' id='word_1_191' title='bbox 333 2922 541 3003; x_wconf 89' lang='lat' dir='ltr'>sapientia</span> <span class='ocrx_word' id='word_1_192' title='bbox 570 2921 725 2987; x_wconf 88' lang='lat' dir='ltr'>fecisti.</span> <span class='ocrx_word' id='word_1_193' title='bbox 759 2921 829 2985; x_wconf 89' lang='lat' dir='ltr'>siue</span> <span class='ocrx_word' id='word_1_194' title='bbox 853 2940 927 3004; x_wconf 87' lang='lat' dir='ltr'>crgo</span> <span class='ocrx_word' id='word_1_195' title='bbox 951 2922 1041 3003; x_wconf 88' lang='lat' dir='ltr'>pater</span> <span class='ocrx_word' id='word_1_196' title='bbox 1064 2919 1153 2999; x_wconf 82' lang='lat' dir='ltr'>dicit,</span> <span class='ocrx_word' id='word_1_197' title='bbox 1177 2920 1216 2983; x_wconf 90' lang='lat' dir='ltr'>ad</span> <span class='ocrx_word' id='word_1_198' title='bbox 1239 2919 1412 3003; x_wconf 85' lang='lat' dir='ltr'>imaginem</span> 
     </span>
     <span class='ocr_line' id='line_1_24' title="bbox 262 3026 1412 3111; baseline -0.003 -19"><span class='ocrx_word' id='word_1_199' title='bbox 262 3028 352 3093; x_wconf 90' lang='lat' dir='ltr'>uerbi</span> <span class='ocrx_word' id='word_1_200' title='bbox 376 3028 463 3106; x_wconf 83' lang='lat' dir='ltr'>fecit,</span> <span class='ocrx_word' id='word_1_201' title='bbox 492 3028 561 3093; x_wconf 89' lang='lat' dir='ltr'>siue</span> <span class='ocrx_word' id='word_1_202' title='bbox 583 3026 670 3092; x_wconf 87' lang='lat' dir='ltr'>filius</span> <span class='ocrx_word' id='word_1_203' title='bbox 695 3027 782 3104; x_wconf 82' lang='lat' dir='ltr'>dicit,</span> <span class='ocrx_word' id='word_1_204' title='bbox 807 3028 847 3092; x_wconf 92' lang='lat' dir='ltr'>ad</span> <span class='ocrx_word' id='word_1_205' title='bbox 870 3028 1043 3111; x_wconf 87' lang='lat' dir='ltr'>imaginem</span> <span class='ocrx_word' id='word_1_206' title='bbox 1068 3026 1119 3091; x_wconf 90' lang='lat' dir='ltr'>dei</span> <span class='ocrx_word' id='word_1_207' title='bbox 1142 3026 1241 3109; x_wconf 89' lang='lat' dir='ltr'>patris</span> <span class='ocrx_word' id='word_1_208' title='bbox 1265 3026 1352 3091; x_wconf 89' lang='lat' dir='ltr'>fecit.</span> <span class='ocrx_word' id='word_1_209' title='bbox 1380 3029 1412 3090; x_wconf 86' lang='lat' dir='ltr'>et</span> 
     </span>
     <span class='ocr_line' id='line_1_25' title="bbox 263 3132 1411 3217; baseline -0.001 -19"><span class='ocrx_word' id='word_1_210' title='bbox 263 3134 334 3199; x_wconf 90' lang='lat' dir='ltr'>ideo</span> <span class='ocrx_word' id='word_1_211' title='bbox 364 3134 553 3198; x_wconf 86' lang='lat' dir='ltr'>familiarem</span> <span class='ocrx_word' id='word_1_212' title='bbox 582 3133 738 3217; x_wconf 87' lang='lat' dir='ltr'>quandam</span> <span class='ocrx_word' id='word_1_213' title='bbox 767 3136 801 3197; x_wconf 90' lang='lat' dir='ltr'>et</span> <span class='ocrx_word' id='word_1_214' title='bbox 824 3132 1032 3197; x_wconf 85' lang='lat' dir='ltr'>domesticam</span> <span class='ocrx_word' id='word_1_215' title='bbox 1056 3132 1114 3199; x_wconf 94' lang='lat' dir='ltr'>deo</span> <span class='ocrx_word' id='word_1_216' title='bbox 1138 3134 1337 3197; x_wconf 84' lang='lat' dir='ltr'>demonstrat</span> <span class='ocrx_word' id='word_1_217' title='bbox 1358 3132 1411 3197; x_wconf 92' lang='lat' dir='ltr'>ho-</span> 
     </span>
     <span class='ocr_line' id='line_1_26' title="bbox 263 3238 1452 3323; baseline -0.003 -20"><span class='ocrx_word' id='word_1_218' title='bbox 263 3240 358 3304; x_wconf 88' lang='lat' dir='ltr'>minis</span> <span class='ocrx_word' id='word_1_219' title='bbox 378 3260 449 3305; x_wconf 87' lang='lat' dir='ltr'>esse</span> <span class='ocrx_word' id='word_1_220' title='bbox 467 3243 622 3317; x_wconf 86' lang='lat' dir='ltr'>naturam,</span> <span class='ocrx_word' id='word_1_221' title='bbox 637 3240 670 3303; x_wconf 94' lang='lat' dir='ltr'>id</span> <span class='ocrx_word' id='word_1_222' title='bbox 685 3243 736 3304; x_wconf 89' lang='lat' dir='ltr'>est</span> <span class='ocrx_word' id='word_1_223' title='bbox 753 3239 951 3305; x_wconf 86' lang='lat' dir='ltr'>rationabilis</span> <span class='ocrx_word' id='word_1_224' title='bbox 971 3239 1119 3317; x_wconf 87' lang='lat' dir='ltr'>hominis,</span> <span class='ocrx_word' id='word_1_225' title='bbox 1137 3240 1314 3305; x_wconf 84' lang='lat' dir='ltr'>secundum</span> <span class='ocrx_word' id='word_1_226' title='bbox 1329 3238 1413 3323; x_wconf 92' lang='lat' dir='ltr'>quod</span> <span class='ocrx_word' id='word_1_227' title='bbox 1428 3260 1452 3301; x_wconf 80' lang='lat'>2⁵</span> 
     </span>
     <span class='ocr_line' id='line_1_27' title="bbox 264 3346 1412 3431; baseline -0.001 -19"><span class='ocrx_word' id='word_1_228' title='bbox 264 3347 303 3412; x_wconf 90' lang='lat' dir='ltr'>ad</span> <span class='ocrx_word' id='word_1_229' title='bbox 324 3347 497 3431; x_wconf 90' lang='lat' dir='ltr'>imaginem</span> <span class='ocrx_word' id='word_1_230' title='bbox 522 3346 572 3411; x_wconf 91' lang='lat' dir='ltr'>dei</span> <span class='ocrx_word' id='word_1_231' title='bbox 596 3347 693 3412; x_wconf 88' lang='lat' dir='ltr'>creati</span> <span class='ocrx_word' id='word_1_232' title='bbox 717 3366 842 3425; x_wconf 81' lang='lat' dir='ltr'>sumus,</span> <span class='ocrx_word' id='word_1_233' title='bbox 862 3364 960 3427; x_wconf 90' lang='lat' dir='ltr'>eaque</span> <span class='ocrx_word' id='word_1_234' title='bbox 980 3364 1076 3411; x_wconf 83' lang='lat' dir='ltr'>cauea</span> <span class='ocrx_word' id='word_1_235' title='bbox 1098 3346 1237 3411; x_wconf 89' lang='lat' dir='ltr'>inultum</span> <span class='ocrx_word' id='word_1_236' title='bbox 1261 3365 1323 3411; x_wconf 92' lang='lat' dir='ltr'>non</span> <span class='ocrx_word' id='word_1_237' title='bbox 1343 3365 1412 3411; x_wconf 88' lang='lat' dir='ltr'>esse</span> 
     </span>
     <span class='ocr_line' id='line_1_28' title="bbox 265 3452 1413 3537; baseline -0.001 -19"><span class='ocrx_word' id='word_1_238' title='bbox 265 3455 349 3537; x_wconf 92' lang='lat' dir='ltr'>apud</span> <span class='ocrx_word' id='word_1_239' title='bbox 373 3454 467 3517; x_wconf 89' lang='lat' dir='ltr'>deum</span> <span class='ocrx_word' id='word_1_240' title='bbox 490 3454 575 3535; x_wconf 91' lang='lat' dir='ltr'>quod</span> <span class='ocrx_word' id='word_1_241' title='bbox 596 3453 629 3517; x_wconf 92' lang='lat' dir='ltr'>in</span> <span class='ocrx_word' id='word_1_242' title='bbox 654 3454 866 3519; x_wconf 85' lang='lat' dir='ltr'>domesticum</span> <span class='ocrx_word' id='word_1_243' title='bbox 891 3453 953 3517; x_wconf 86' lang='lat' dir='ltr'>sibi</span> <span class='ocrx_word' id='word_1_244' title='bbox 976 3452 1093 3518; x_wconf 89' lang='lat' dir='ltr'>animal</span> <span class='ocrx_word' id='word_1_245' title='bbox 1116 3452 1226 3517; x_wconf 86' lang='lat' dir='ltr'>uideat</span> <span class='ocrx_word' id='word_1_246' title='bbox 1244 3454 1413 3518; x_wconf 89' lang='lat' dir='ltr'>crudeliter</span> 
     </span>
    </p>

    <p class='ocr_par' dir='ltr' id='par_1_5' title="bbox 177 3558 1411 3643">
     <span class='ocr_line' id='line_1_29' title="bbox 177 3558 1411 3643; baseline -0.005 -16"><span class='ocrx_word' id='word_1_247' title='bbox 177 3562 242 3627; x_wconf 93' lang='grc'>100</span> <span class='ocrx_word' id='word_1_248' title='bbox 265 3564 298 3625; x_wconf 92' lang='lat' dir='ltr'>et</span> <span class='ocrx_word' id='word_1_249' title='bbox 319 3560 406 3643; x_wconf 91' lang='lat' dir='ltr'>inpie</span> <span class='ocrx_word' id='word_1_250' title='bbox 430 3579 500 3624; x_wconf 87' lang='lat' dir='ltr'>esse</span> <span class='ocrx_word' id='word_1_251' title='bbox 528 3559 745 3623; x_wconf 88' lang='lat' dir='ltr'>commissum.</span> <span class='ocrx_word' id='word_1_252' title='bbox 779 3578 876 3625; x_wconf 87' lang='lat' dir='ltr'>causa</span> <span class='ocrx_word' id='word_1_253' title='bbox 903 3578 977 3643; x_wconf 84' lang='lat' dir='ltr'>ergo</span> <span class='ocrx_word' id='word_1_254' title='bbox 1007 3558 1114 3623; x_wconf 80' lang='lat' dir='ltr'>addito</span> <span class='ocrx_word' id='word_1_255' title='bbox 1141 3558 1303 3623; x_wconf 89' lang='lat' dir='ltr'>uindictae</span> <span class='ocrx_word' id='word_1_256' title='bbox 1326 3559 1411 3633; x_wconf 82' lang='lat' dir='ltr'>facit,</span> 
     </span>
    </p>
   </div>
   <div class='ocr_carea' id='block_1_3' title="bbox 265 3800 1410 3960">
    <p class='ocr_par' dir='ltr' id='par_1_6' title="bbox 265 3800 1410 3960">
     <span class='ocr_line' id='line_1_30' title="bbox 355 3800 1410 3868; baseline -0.006 -9"><span class='ocrx_word' id='word_1_257' title='bbox 355 3806 369 3859; x_wconf 94' lang='lat'>1</span> <span class='ocrx_word' id='word_1_258' title='bbox 389 3804 519 3859; x_wconf 87' lang='lat' dir='ltr'>Proucrb.</span> <span class='ocrx_word' id='word_1_259' title='bbox 540 3804 581 3867; x_wconf 94' lang='grc'>10,</span> <span class='ocrx_word' id='word_1_260' title='bbox 601 3804 633 3858; x_wconf 88' lang='grc'>19</span> <span class='ocrx_word' id='word_1_261' title='bbox 716 3804 732 3858; x_wconf 91' lang='grc'>8</span> <span class='ocrx_word' id='word_1_262' title='bbox 752 3804 818 3859; x_wconf 84' lang='lat' dir='ltr'>Gen.</span> <span class='ocrx_word' id='word_1_263' title='bbox 839 3804 864 3865; x_wconf 91' lang='grc'>9,</span> <span class='ocrx_word' id='word_1_264' title='bbox 883 3804 899 3858; x_wconf 91' lang='grc'><strong>6</strong></span> <span class='ocrx_word' id='word_1_265' title='bbox 919 3802 998 3857; x_wconf 90' lang='lat' dir='ltr'>Philo</span> <span class='ocrx_word' id='word_1_266' title='bbox 1018 3800 1228 3868; x_wconf 68' lang='lat' dir='ltr'>Quaestum</span> <span class='ocrx_word' id='word_1_267' title='bbox 1315 3802 1348 3857; x_wconf 78' lang='grc'>14</span> <span class='ocrx_word' id='word_1_268' title='bbox 1365 3800 1410 3855; x_wconf 94' lang='lat' dir='ltr'>Iob</span> 
     </span>
     <span class='ocr_line' id='line_1_31' title="bbox 265 3890 1298 3960; baseline -0.004 -11"><span class='ocrx_word' id='word_1_269' title='bbox 265 3894 309 3960; x_wconf 81' lang='lat'>33,</span> <span class='ocrx_word' id='word_1_270' title='bbox 327 3894 362 3948; x_wconf 84' lang='lat'>28</span> <span class='ocrx_word' id='word_1_271' title='bbox 419 3894 451 3947; x_wconf 79' lang='lat'>17</span> <span class='ocrx_word' id='word_1_272' title='bbox 472 3892 538 3947; x_wconf 83' lang='lat' dir='ltr'>(len.</span> <span class='ocrx_word' id='word_1_273' title='bbox 558 3894 583 3955; x_wconf 90' lang='grc'>9,</span> <span class='ocrx_word' id='word_1_274' title='bbox 604 3894 619 3945; x_wconf 89' lang='grc'>6</span> <span class='ocrx_word' id='word_1_275' title='bbox 638 3892 719 3945; x_wconf 88' lang='lat' dir='ltr'>Philo</span> <span class='ocrx_word' id='word_1_276' title='bbox 739 3890 851 3957; x_wconf 84' lang='lat' dir='ltr'>Quacst.</span> <span class='ocrx_word' id='word_1_277' title='bbox 871 3892 898 3945; x_wconf 90' lang='lat'>11</span> <span class='ocrx_word' id='word_1_278' title='bbox 918 3892 952 3945; x_wconf 85' lang='lat'>62</span> <span class='ocrx_word' id='word_1_279' title='bbox 1007 3893 1039 3946; x_wconf 85' lang='lat'>21</span> <span class='ocrx_word' id='word_1_280' title='bbox 1061 3892 1160 3946; x_wconf 85' lang='lat' dir='ltr'>Psalm.</span> <span class='ocrx_word' id='word_1_281' title='bbox 1180 3891 1298 3947; x_wconf 76' lang='lat'>011124</span> 
     </span>
    </p>
   </div>
   <div class='ocr_carea' id='block_1_4' title="bbox 266 4041 1413 4466">
    <p class='ocr_par' dir='ltr' id='par_1_7' title="bbox 266 4041 1413 4466">
     <span class='ocr_line' id='line_1_32' title="bbox 301 4041 1410 4114; baseline -0.005 -16"><span class='ocrx_word' id='word_1_282' title='bbox 301 4042 440 4114; x_wconf 82' lang='lat' dir='ltr'>2signari</span> <span class='ocrx_word' id='word_1_283' title='bbox 459 4042 495 4095; x_wconf 82' lang='lat' dir='ltr'><em>M</em></span> <span class='ocrx_word' id='word_1_284' title='bbox 512 4044 546 4108; x_wconf 88' lang='lat' dir='ltr'>(ri</span> <span class='ocrx_word' id='word_1_285' title='bbox 564 4059 585 4096; x_wconf 84' lang='lat' dir='ltr'>a.</span> <span class='ocrx_word' id='word_1_286' title='bbox 604 4059 632 4096; x_wconf 79' lang='lat' dir='ltr'>u.</span> <span class='ocrx_word' id='word_1_287' title='bbox 653 4046 708 4109; x_wconf 68' lang='grc'>1112)</span> <span class='ocrx_word' id='word_1_288' title='bbox 778 4042 968 4096; x_wconf 88' lang='lat' dir='ltr'>9eflundetur</span> <span class='ocrx_word' id='word_1_289' title='bbox 987 4042 1015 4095; x_wconf 92' lang='lat' dir='ltr'><strong><em>P</em></strong></span> <span class='ocrx_word' id='word_1_290' title='bbox 1031 4044 1056 4113; x_wconf 88' lang='lat' dir='ltr'>(e</span> <span class='ocrx_word' id='word_1_291' title='bbox 1077 4042 1127 4099; x_wconf 83' lang='lat' dir='ltr'>alt.</span> <span class='ocrx_word' id='word_1_292' title='bbox 1146 4058 1179 4097; x_wconf 77' lang='lat' dir='ltr'>ex</span> <span class='ocrx_word' id='word_1_293' title='bbox 1198 4042 1207 4095; x_wconf 94' lang='lat' dir='ltr'>i</span> <span class='ocrx_word' id='word_1_294' title='bbox 1225 4046 1284 4109; x_wconf 83' lang='lat' dir='ltr'>m2)</span> <span class='ocrx_word' id='word_1_295' title='bbox 1358 4041 1410 4095; x_wconf 88' lang='lat' dir='ltr'>elo·</span> 
     </span>
     <span class='ocr_line' id='line_1_33' title="bbox 267 4130 1411 4203; baseline -0.004 -17"><span class='ocrx_word' id='word_1_296' title='bbox 267 4134 362 4203; x_wconf 90' lang='lat' dir='ltr'>quutio</span> <span class='ocrx_word' id='word_1_297' title='bbox 381 4133 409 4186; x_wconf 92' lang='lat' dir='ltr'><strong><em>P</em></strong></span> <span class='ocrx_word' id='word_1_298' title='bbox 471 4132 505 4186; x_wconf 91' lang='grc'>10</span> <span class='ocrx_word' id='word_1_299' title='bbox 524 4130 625 4187; x_wconf 83' lang='lat' dir='ltr'>enfcsis</span> <span class='ocrx_word' id='word_1_300' title='bbox 644 4132 710 4186; x_wconf 74' lang='lat' dir='ltr'>riori</span> <span class='ocrx_word' id='word_1_301' title='bbox 780 4132 825 4185; x_wconf 88' lang='lat' dir='ltr'>his</span> <span class='ocrx_word' id='word_1_302' title='bbox 843 4132 913 4185; x_wconf 86' lang='lat' dir='ltr'>Pet</span> <span class='ocrx_word' id='word_1_303' title='bbox 932 4131 961 4198; x_wconf 80' lang='lat' dir='ltr'>(h</span> <span class='ocrx_word' id='word_1_304' title='bbox 980 4132 1043 4199; x_wconf 77' lang='lat' dir='ltr'>del.)</span> <span class='ocrx_word' id='word_1_305' title='bbox 1067 4130 1097 4184; x_wconf 69' lang='grc' dir='ltr'><em>Τ</em></span> <span class='ocrx_word' id='word_1_306' title='bbox 1167 4130 1201 4185; x_wconf 84' lang='grc'>13</span> <span class='ocrx_word' id='word_1_307' title='bbox 1220 4130 1267 4201; x_wconf 74' lang='lat' dir='ltr'>ille</span> <span class='ocrx_word' id='word_1_308' title='bbox 1286 4132 1314 4185; x_wconf 92' lang='lat' dir='ltr'><em>P</em></span> <span class='ocrx_word' id='word_1_309' title='bbox 1333 4132 1411 4197; x_wconf 79' lang='lat' dir='ltr'>(ace.</span> 
     </span>
     <span class='ocr_line' id='line_1_34' title="bbox 267 4218 1413 4292; baseline -0.004 -17"><span class='ocrx_word' id='word_1_310' title='bbox 267 4239 282 4290; x_wconf 75' lang='lat' dir='ltr'>e</span> <span class='ocrx_word' id='word_1_311' title='bbox 300 4223 357 4292; x_wconf 81' lang='lat' dir='ltr'>m2)</span> <span class='ocrx_word' id='word_1_312' title='bbox 432 4222 464 4275; x_wconf 87' lang='grc'>15</span> <span class='ocrx_word' id='word_1_313' title='bbox 484 4219 642 4275; x_wconf 86' lang='lat' dir='ltr'>defrudetur</span> <span class='ocrx_word' id='word_1_314' title='bbox 659 4220 687 4273; x_wconf 95' lang='lat' dir='ltr'><strong><em>P</em></strong></span> <span class='ocrx_word' id='word_1_315' title='bbox 705 4219 880 4275; x_wconf 82' lang='lat' dir='ltr'>defraudetur</span> <span class='ocrx_word' id='word_1_316' title='bbox 898 4226 945 4275; x_wconf 87' lang='lat' dir='ltr'>cet.</span> <span class='ocrx_word' id='word_1_317' title='bbox 1025 4220 1058 4274; x_wconf 88' lang='grc'>18</span> <span class='ocrx_word' id='word_1_318' title='bbox 1076 4220 1128 4275; x_wconf 83' lang='lat' dir='ltr'>feci</span> <span class='ocrx_word' id='word_1_319' title='bbox 1147 4219 1247 4288; x_wconf 69' lang='lat' dir='ltr'>sampsi</span> <span class='ocrx_word' id='word_1_320' title='bbox 1264 4219 1332 4273; x_wconf 87' lang='lat' dir='ltr'>fecit</span> <span class='ocrx_word' id='word_1_321' title='bbox 1350 4218 1413 4273; x_wconf 82' lang='lat' dir='ltr'>libri</span> 
     </span>
     <span class='ocr_line' id='line_1_35' title="bbox 303 4304 1412 4379; baseline -0.005 -16"><span class='ocrx_word' id='word_1_322' title='bbox 303 4309 401 4363; x_wconf 84' lang='lat' dir='ltr'>dixerit</span> <span class='ocrx_word' id='word_1_323' title='bbox 423 4310 521 4373; x_wconf 85' lang='lat' dir='ltr'><strong><em>T‘NB,</em></strong></span> <span class='ocrx_word' id='word_1_324' title='bbox 540 4325 591 4362; x_wconf 89' lang='lat' dir='ltr'>om.</span> <span class='ocrx_word' id='word_1_325' title='bbox 614 4308 644 4373; x_wconf 81' lang='lat'>0,</span> <span class='ocrx_word' id='word_1_326' title='bbox 663 4308 733 4363; x_wconf 84' lang='lat' dir='ltr'>dixit</span> <span class='ocrx_word' id='word_1_327' title='bbox 749 4314 797 4363; x_wconf 85' lang='lat' dir='ltr'>cet.</span> <span class='ocrx_word' id='word_1_328' title='bbox 853 4309 887 4363; x_wconf 80' lang='lat'>23</span> <span class='ocrx_word' id='word_1_329' title='bbox 906 4308 1094 4379; x_wconf 75' lang='lat' dir='ltr'>imaginemP</span> <span class='ocrx_word' id='word_1_330' title='bbox 1111 4314 1138 4374; x_wconf 84' lang='lat' dir='ltr'>(a</span> <span class='ocrx_word' id='word_1_331' title='bbox 1156 4324 1190 4363; x_wconf 78' lang='lat' dir='ltr'>ec</span> <span class='ocrx_word' id='word_1_332' title='bbox 1208 4312 1233 4375; x_wconf 86' lang='lat' dir='ltr'>c)</span> <span class='ocrx_word' id='word_1_333' title='bbox 1289 4304 1412 4377; x_wconf 75' lang='lat' dir='ltr'>aequor</span> 
     </span>
     <span class='ocr_line' id='line_1_36' title="bbox 266 4396 1110 4466; baseline 0 -16"><span class='ocrx_word' id='word_1_334' title='bbox 266 4414 364 4466; x_wconf 76' lang='lat' dir='ltr'>ymago</span> <span class='ocrx_word' id='word_1_335' title='bbox 383 4397 427 4451; x_wconf 85' lang='lat' dir='ltr'>dei</span> <span class='ocrx_word' id='word_1_336' title='bbox 445 4396 473 4449; x_wconf 89' lang='lat' dir='ltr'><em>B</em></span> <span class='ocrx_word' id='word_1_337' title='bbox 544 4397 579 4451; x_wconf 83' lang='lat'>26</span> <span class='ocrx_word' id='word_1_338' title='bbox 598 4396 683 4451; x_wconf 82' lang='lat' dir='ltr'>creati</span> <span class='ocrx_word' id='word_1_339' title='bbox 700 4396 768 4462; x_wconf 89' lang='lat' dir='ltr'>DN,</span> <span class='ocrx_word' id='word_1_340' title='bbox 788 4414 838 4453; x_wconf 87' lang='lat' dir='ltr'>om.</span> <span class='ocrx_word' id='word_1_341' title='bbox 858 4402 916 4464; x_wconf 78' lang='lat' dir='ltr'>cet,</span> <span class='ocrx_word' id='word_1_342' title='bbox 928 4399 998 4466; x_wconf 85' lang='lat' dir='ltr'>fort.</span> <span class='ocrx_word' id='word_1_343' title='bbox 1012 4397 1110 4457; x_wconf 64' lang='lat' dir='ltr'>(facti)</span> 
     </span>
    </p>
   </div>
   <div class='ocr_carea' id='block_1_5' title="bbox 0 0 1585 4967">
    <p class='ocr_par' dir='ltr' id='par_1_8' title="bbox 0 0 1585 4967">
     <span class='ocr_line' id='line_1_37' title="bbox 0 0 1585 4967; baseline 0 0"><span class='ocrx_word' id='word_1_344' title='bbox 0 0 1585 4967; x_wconf 95' lang='lat' dir='ltr'> </span> 
     </span>
    </p>
   </div>
  </div>
 </body>
</html>
