3142 4967
385 458 427 511 De
446 458 505 511 Noe
524 459 566 513 23.
586 459 630 523 24,
648 458 755 513 83-86
793 458 816 527 (Ι
835 458 887 513 262
906 456 1016 513 0-263
1035 459 1081 526 D).
1235 460 1300 525 473

155 657 193 717 ut
218 654 251 718 in
284 654 428 735 partibus
462 653 645 717 occidentis.
679 653 741 717 alio
774 656 915 735 tempore
947 656 1099 719 terrarum
1134 652 1302 717 seminaria

155 764 264 843 partus
289 780 365 825 suos
390 760 498 837 edunt,
522 760 585 825 alio
609 763 717 823 autem
741 765 882 843 tempore
909 760 1032 826 fructus
1061 760 1207 825 arborum
1237 780 1301 825 oar-

155 867 271 949 pimus.
309 866 432 931 diuidui
468 886 543 949 ergo
580 868 702 931 fructus
740 870 816 931 sunt
846 867 1016 933 necessarii
1049 872 1082 931 et
1114 868 1401 950 uoluptarii22oan

155 974 325 1038 necessarii
344 993 380 1038 ex
399 973 575 1037 seminibus
594 977 759 1049 terrarum,
779 977 813 1037 at
830 992 905 1037 uero
925 992 960 1037 er
980 974 1126 1039 arborum
1147 974 1302 1038 fructibus

126 1102 139 1141 a
158 1080 339 1162 uoluptarii.
359 1080 468 1161 itaque
487 1098 600 1162 corpus
624 1083 768 1145 nostrum
791 1083 953 1163 tamquam
978 1100 1062 1158 nere,
1081 1081 1141 1145 hoc
1160 1084 1210 1145 est
1228 1078 1302 1165 ἔαρι,

158 1187 228 1251 cibo
252 1186 394 1270 pascitur
416 1186 559 1251 naturali.
594 1184 648 1268 ἔαρ
677 1191 782 1253 autem
808 1187 928 1255 Graeco
952 1189 1089 1265 nomine,
1113 1188 1303 1253 ue1·Latino

158 1294 284 1360 dieitur.
308 1293 379 1360 ideo
403 1294 560 1375 scriptura
583 1294 622 1357 de
640 1286 784 1375 partibus
804 1295 934 1360 orientis
954 1298 986 1359 et
1004 1294 1137 1359 maxime
1156 1295 1303 1379 Aegypti,

157 1418 321 1484 perquam
336 1399 487 1463 transiuit
497 1399 671 1477 Hebraeus,
686 1400 739 1465 uel
754 1420 791 1465 er
805 1401 947 1484 partibus
961 1402 1151 1466 Phoenicius
1166 1401 1305 1483 sumpsit

158 1508 347 1590 exemplum.
371 1507 475 1571 anima
498 1512 602 1570 autem
627 1508 828 1590 uoluptariis‚
848 1508 907 1573 hoc
927 1519 977 1572 est
1000 1509 1172 1591 sapientiae
1196 1508 1305 1573 fructi·

120 1614 220 1679 robus
253 1613 359 1686 alitur,
394 1614 445 1677 oui
477 1613 603 1689 iterum,
631 1619 669 1679 ut
696 1616 817 1697 corpori
847 1620 955 1680 nostro
984 1617 1176 1681 contrarium
1203 1615 1304 1699 frigus
1333 1620 1355 1673 Β

162 1722 193 1785 et
215 1724 334 1796 aestua,
358 1719 404 1783 ita
426 1721 522 1787 timor
551 1725 583 1783 et
609 1721 771 1786 iracundia
797 1722 945 1787 uidentur
973 1724 1115 1787 aduersa.
1149 1723 1205 1787 sed
1233 1724 1307 1805 quia

161 1826 192 1891 in
217 1846 345 1910 corpore
369 1832 429 1905 est,
452 1848 582 1895 necesse
606 1834 656 1894 est
678 1832 711 1893 et
733 1829 927 1895 iracundiam
951 1830 1067 1895 habeat
1090 1834 1121 1895 et
1150 1831 1307 1903 timorem,

162 1954 220 1998 nec
247 1937 356 2016 potest
387 1936 455 2001 sine
488 1937 547 2001 hac
579 1956 649 2001 esse
682 1956 849 2019 corporeae
881 1937 1071 2001 necessitate
1103 1941 1242 2002 naturae.
1277 1940 1309 2001 et

162 2042 233 2108 ideo
257 2062 347 2107 meua
373 2044 525 2125 sapientis
551 2044 765 2109 moderamina
789 2046 873 2109 iusta
902 2044 1075 2127 dispensat,
1104 2065 1142 2109 ne
1170 2046 1249 2111 iram
1279 2048 1309 2109 et

64 2152 101 2213 85
123 2148 309 2213 ratimorem
347 2151 536 2232 permisceat
568 2155 601 2215 et
632 2153 688 2215 fiat
720 2152 864 2217 conlusio
898 2152 1052 2234 quaedam
1085 2152 1188 2217 animo
1220 2151 1310 2215 illius

164 2260 259 2337 atque
291 2256 460 2321 diluuium.
493 2256 557 2321 die
586 2277 712 2340 quoque
739 2262 779 2322 et
808 2264 925 2324 nocte
954 2258 1037 2341 quod
1065 2259 1120 2335 ait,
1147 2278 1204 2341 por
1227 2257 1309 2321 diem

164 2362 323 2447 intellegis
342 2363 585 2429 inluminantem
604 2366 767 2441 uirtutem,
787 2385 843 2447 per
862 2371 986 2431 noctem
1006 2366 1208 2451 recognoscis
1226 2369 1311 2429 tene·
1339 2366 1360 2422 C

164 2471 290 2536 brosam
313 2470 538 2554 insipientiam.
571 2472 678 2553 itaque
707 2476 739 2536 et
761 2474 792 2535 in
817 2472 928 2537 timore
952 2476 1113 2555 tamquam
1139 2472 1311 2555 infrigere

164 2580 272 2658 potest
295 2596 366 2643 esse
393 2577 584 2643 inluminans
611 2580 726 2643 uirtus.
760 2579 910 2643 similiter
933 2583 965 2642 et
988 2578 1179 2643 iracundiam
1205 2580 1312 2658 potest

123 2702 149 2743 ro
164 2684 334 2765 reprimere
347 2686 566 2767 temperantia,
582 2686 662 2749 utin
677 2686 790 2750 timore
805 2684 901 2767 aliqui
917 2704 976 2751 nou
993 2688 1118 2767 penitus
1133 2684 1312 2749 resoluatur

166 2793 198 2853 et
224 2791 327 2873 magis
355 2792 470 2856 timore
498 2791 653 2875 dirigatur
681 2792 720 2857 ad
749 2812 844 2875 opera
871 2792 1012 2869 uirtutis,
1041 2791 1130 2857 uerbi
1159 2791 1261 2875 gratia
1284 2790 1311 2853 si

164 2901 350 2978 persecutor
371 2897 509 2975 insistat,
537 2901 675 2980 utplus
703 2900 798 2965 deum
826 2900 941 2965 timeas
971 2903 1003 2965 et
1030 2904 1182 2982 perpetua
1209 2898 1311 2981 magis

166 3004 325 3086 supplicia
360 3024 454 3086 quarn
491 3005 670 3087 praesentia
704 3009 799 3088 putes
838 3025 908 3071 esse
945 3006 1085 3083 uitanda,
1124 3024 1202 3088 quae
1236 3004 1311 3070 dum

165 3111 270 3185 times,
295 3112 475 3177 accendaris
499 3112 538 3176 ad
562 3112 694 3192 gloriam
719 3112 867 3195 perfidiae
890 3114 989 3177 iratus
1011 3113 1183 3189 eteoclem,
1202 3130 1312 3177 rursus

123 3235 148 3275 aa
165 3218 329 3283 iracundia
352 3238 525 3283 succensus
549 3219 658 3283 diuino
682 3221 926 3284 commotionem
948 3220 1062 3287 timore
1085 3219 1268 3285 modereris.

29 3330 122 3414 24,86
211 3325 260 3388 llt
282 3324 495 3390 benedixit
518 3326 706 3390 dominus
730 3326 811 3391 Noe
837 3330 875 3389 et
899 3327 1016 3393 filios
1042 3328 1130 3392 eius
1155 3327 1311 3391 dicens:
1341 3334 1366 3387 Ι)

257 3534 291 3587 26
311 3532 377 3587 Gen.
397 3534 422 3596 9,
444 3535 456 3586 l
478 3550 517 3602 sq.
537 3532 617 3586 Philo
637 3532 748 3599 Quaest.
768 3534 849 3588 1156

203 3659 220 3711 2
237 3661 333 3727 partus
350 3661 398 3711 m3
416 3675 450 3712 ex
466 3662 560 3727 portos
573 3659 601 3710 P
654 3658 755 3713 sedunt
767 3660 795 3713 P
812 3660 836 3725 (s
855 3664 937 3725 erae.)
956 3657 1075 3711 educunt
1092 3657 1155 3710 DN
1157 3657 1214 3711 CM
1248 3656 1313 3711 aaa

168 3752 192 3813 (t
209 3764 231 3801 a.
251 3746 280 3808 d)
299 3748 381 3802 Para
404 3749 478 3801 Trnl
532 3751 548 3803 5
567 3744 625 3817 ἔαρι
641 3749 740 3816 tempsi
757 3766 819 3802 aere
840 3748 905 3801 litri
959 3749 975 3801 6
993 3744 1040 3816 'inp
1054 3747 1154 3814 scepei
1166 3762 1212 3801 aer
1225 3746 1253 3799 P
1270 3750 1314 3811 (eu

167 3840 225 3904 ear)
241 3844 287 3892 cet.
338 3838 355 3890 8
369 3838 529 3906 phoeniciae
542 3838 570 3891 B
588 3838 720 3891 soeuiciac
734 3838 791 3891 PT
808 3838 923 3908 ferriciae
938 3837 968 3891 D
985 3836 1100 3890 funiciae
1119 3842 1166 3889 cer.
1219 3837 1252 3889 12
1266 3852 1312 3887 ne·

167 3942 242 3979 cesse
262 3931 303 3980 est
322 3944 372 3979 orn.
391 3926 454 3980 DN
515 3928 548 3981 13
568 3944 694 3996 corporea
713 3944 771 3980 nee.
790 3931 888 3980 natura
910 3926 935 3979 Τ
998 3928 1030 3979 19
1049 3926 1077 3979 in
1096 3924 1189 3994 (arua)
1208 3924 1313 3977 iracun-

167 4016 239 4069 diam
259 4015 287 4067 P
341 4016 376 4069 20
394 4017 602 4085 temperantiam
620 4016 648 4069 P
666 4032 703 4070 rm
723 4016 772 4069 alt
791 4020 875 4081 erue.)
898 4014 923 4067 Τ
939 4018 976 4083 (rn
996 4015 1044 4071 alt.
1064 4018 1134 4082 πμ)
1214 4014 1312 4082 aliquis

172 4105 222 4158 TB
241 4108 407 4171 atiena.)
429 4104 462 4157 T‘
534 4105 704 4159 resoluantur
722 4104 841 4158 DNCM
901 4104 932 4157 21
953 4104 1051 4157 timore
1070 4102 1204 4172 dirigatur
1226 4102 1315 4171 Tper

166 4196 292 4247 timorem
311 4193 464 4262 dirigantur
480 4193 517 4246 M
533 4194 657 4247 tirnorern
676 4192 779 4261 dirigat
797 4192 929 4261 (dirigant
947 4191 1043 4259 DNC)
1064 4197 1112 4247 cet.
1198 4192 1232 4245 23
1251 4190 1313 4243 sub·

166 4283 250 4353 plicia
272 4282 297 4335 T
361 4285 395 4336 24
415 4282 570 4337 accen-laris
589 4283 617 4334 P
634 4287 658 4336 (c
676 4299 718 4350 pr.
738 4301 772 4336 ae
790 4282 818 4347 d)
892 4284 926 4335 25
947 4280 1031 4333 diuini
1050 4280 1256 4333 commotionem
1276 4282 1313 4337 tm

168 4373 218 4427 ult.
236 4375 320 4436 erus.)
338 4372 444 4425 timoris
466 4371 491 4424 Τ
