3142 4967
480 462 624 516 Erarucron
645 462 658 517 1
678 463 703 525 3,
724 464 765 519 10.
787 465 817 518 11
859 463 883 530 (I
901 466 918 518 b
937 462 1013 518 c-6
1033 463 1073 533 C).
1334 466 1354 529 9

123 652 164 713 10
256 654 336 721 Cum
360 676 435 741 erge
460 660 509 723 tot
532 659 659 723 oracula
682 659 805 737 audias,
824 659 941 742 quibus
964 658 1155 723 testificatur
1173 658 1250 723 deus
1269 658 1356 741 quod

210 763 321 827 fecerit
351 764 517 843 mundum,
541 766 606 830 noli
637 784 710 831 eum
743 767 812 831 sine
844 766 997 849 principio
1025 784 1096 831 esse
1121 765 1257 843 credere,
1280 764 1356 846 qnia

210 870 303 951 quasi
325 870 456 953 sphaera
478 872 616 937 mundus
637 892 708 939 esse
727 873 861 952 dicatur,
880 875 918 937 ot
935 872 1125 957 principium
1143 872 1212 936 eius
1230 872 1354 935 nullum

210 976 358 1043 uideatur
376 980 490 1045 extare.
515 983 639 1045 etcum
662 980 796 1058 intonat,
816 980 908 1063 quasi
931 981 963 1043 in
987 979 1122 1045 circuitu
1146 979 1253 1045 omnia
1271 998 1356 1043 com-

179 1087 391 1163 emoueutur,
424 1089 462 1151 ut
492 1086 576 1151 unde
609 1086 750 1169 incipiat,
784 1087 841 1152 ubi
873 1087 999 1153 desinat
1025 1105 1087 1152 ncn
1109 1086 1203 1152 facile
1227 1104 1355 1168 conpre-

210 1190 339 1269 hendes,
364 1192 439 1274 quia
470 1192 623 1259 circuitus
654 1194 847 1276 principium
875 1213 970 1259 sensu
994 1194 1144 1277 colligere
1166 1192 1354 1275 inpossibile

209 1298 352 1364 habetur.
372 1319 474 1383 neque
493 1300 577 1365 enim
597 1300 749 1383 sphaerae
767 1304 861 1384 potes
879 1300 1007 1366 initium
1025 1298 1182 1384 repperire
1201 1300 1255 1364 uel
1271 1297 1354 1363 unde

209 1406 348 1487 coeperit
366 1406 480 1491 globus
499 1406 593 1471 lunae
607 1407 661 1472 uel
675 1407 730 1473 ubi
745 1408 870 1473 desinat
883 1410 1047 1473 menstrua
1059 1408 1151 1472 lunae
1167 1405 1353 1471 defectione.

208 1531 311 1594 neque
334 1531 410 1578 uero
434 1512 462 1577 si
484 1513 553 1596 ipse
577 1533 638 1579 non
663 1514 911 1595 conprehendes,
933 1514 1052 1579 idcirco
1081 1534 1141 1579 non
1170 1513 1275 1597 coepit
1297 1516 1354 1578 aut

166 1640 189 1677 ro
208 1636 407 1700 nequaquam
448 1620 581 1686 desinet.
623 1620 651 1685 si
687 1622 755 1704 ipse
793 1620 962 1686 circuitum
997 1622 1052 1686 uel
1088 1623 1261 1685 atramento
1298 1620 1351 1685 uel
1371 1628 1430 1685 ea

209 1724 341 1809 graphio
374 1726 471 1791 ducas
505 1727 555 1792 uei
590 1730 697 1791 centro
732 1728 898 1810 exprimas,
930 1727 1014 1793 uude
1047 1728 1189 1811 coeperis
1221 1730 1278 1793 aut
1307 1729 1353 1793 ibi

209 1831 341 1897 desieris
373 1833 541 1898 interuallo
573 1834 762 1915 interposito
795 1853 858 1899 non
889 1834 984 1899 facile
1016 1835 1070 1899 uel
1094 1836 1195 1901 oculis
1220 1835 1352 1919 colliges

209 1939 262 2004 uel
284 1942 391 2004 mente
414 1944 553 2023 repetes:
586 1943 619 2005 et
642 1943 746 2005 tamen
771 1944 804 2007 et
826 1940 970 2023 coepisse
993 1944 1027 2006 et
1049 1941 1206 2007 desinisse
1229 1942 1353 2025 teipsa

207 2044 266 2109 tibi
299 2046 393 2111 testis
426 2065 469 2113 es.
503 2066 575 2113 nam
609 2046 669 2112 etsi
702 2066 832 2113 sensum
864 2046 1071 2131 subterfugit,
1094 2049 1264 2115 ueritatem
1291 2068 1352 2114 non

165 2173 188 2211 aa
208 2151 345 2217 subruit.
387 2172 468 2235 quae
506 2157 613 2219 autem
649 2153 777 2219 initium
813 2153 931 2219 babent
967 2157 1000 2219 et
1035 2154 1129 2219 finem
1166 2153 1285 2219 babent
1321 2158 1354 2220 et

208 2258 324 2341 quibus
348 2258 419 2323 iiuis
443 2258 535 2325 datur·
558 2260 684 2325 initium
710 2261 820 2325 datum
844 2263 980 2327 constat.
1003 2260 1097 2325 tinem
1116 2264 1225 2327 autem
1242 2262 1355 2327 mundi

208 2365 352 2430 futurum
384 2366 452 2449 ipse
486 2368 627 2433 saltator
655 2368 747 2433 docet
770 2368 802 2431 in
826 2368 992 2451 euangelio
1016 2387 1074 2433 suo
1098 2368 1222 2433 dicens:
1245 2376 1393 2451 prae-B

209 2473 312 2537 terit
336 2473 438 2537 enim
471 2473 607 2557 figura
635 2475 757 2540 huius
782 2474 919 2539 mundi
948 2479 982 2540 et
1005 2476 1160 2540 caelum
1184 2478 1223 2540 et
1244 2478 1354 2541 terra

208 2578 500 2659 praeteribunt
520 2580 659 2645 etinfra:
680 2600 771 2646 ecce
796 2600 869 2665 ego
887 2581 1102 2647 uobiscum
1121 2602 1206 2647 sum
1224 2602 1352 2666 usque

120 2680 255 2749 llsoad
279 2686 669 2751 consummationem
701 2687 847 2752 mundi.
872 2688 1030 2770 quomode
1054 2708 1128 2773 ergo
1152 2692 1353 2755 coaeternum

208 2790 266 2856 dec
303 2791 456 2857 mundum
494 2792 644 2859 adserunt
681 2797 713 2859 et
749 2794 882 2859 creatori
919 2795 1062 2859 omnium
1099 2795 1222 2861 sociant
1256 2800 1352 2878 atque

208 2898 371 2980 aequalem
392 2918 463 2963 esse
483 2898 647 2981 disputant
666 2904 843 2967 creaturam
861 2920 1040 2984 corpusque
1058 2900 1222 2967 materiale
1240 2903 1353 2967 mundi

206 3004 362 3069 inuisibili
387 3006 434 3070 illi
458 3008 553 3089 atque
571 3006 784 3072 inaccessibili
803 3009 933 3073 naturae
952 3008 1079 3073 diuinae
1097 3008 1352 3093 coniungendam

205 3114 331 3194 putant,
356 3131 428 3177 oum
451 3112 639 3195 praesertim
663 3113 839 3179 secundum
864 3133 955 3178 suam
980 3116 1169 3180 senteutiam
1196 3135 1258 3180 non
1280 3135 1352 3197 pos·

161 3243 187 3282 re
206 3216 273 3285 siut
304 3238 418 3303 negare
450 3221 599 3302 quoniam
621 3222 713 3286 cuius
736 3225 844 3305 partes
868 3222 1062 3305 corruptioni
1085 3226 1118 3287 et
1144 3223 1351 3287 mutabilitati
1370 3230 1392 3286 C

207 3324 383 3403 sribiacent,
407 3326 503 3392 buius
526 3346 656 3392 necesse
681 3331 731 3393 est
753 3328 993 3392 uniuersitatem
1022 3328 1125 3393 isdem
1147 3329 1352 3410 passionibus

207 3432 324 3513 quibus
347 3433 491 3515 propriae
513 3434 674 3516 portiones
698 3434 767 3499 eius
792 3437 868 3498 sunt
890 3435 1041 3501 obnoxiae
1064 3437 1249 3502 subiacere?

297 3622 708 3693 113as.9AB(3E‚4AB)
793 3627 825 3679 15
844 3626 1007 3682 eaeessc
1024 3628 1052 3691 (4
1070 3626 1128 3691 Bc)
1204 3626 1350 3682 lalcor.

207 3712 231 3775 7,
251 3712 283 3765 31
324 3712 590 3777 ltelacrumas
629 3716 661 3769 19
680 3714 778 3769 Matth.
799 3716 842 3781 28,
862 3716 896 3769 20
936 3715 1349 3783 2013os.90‚12a(4cur

242 3836 259 3889 3
277 3836 388 3905 spherae
404 3838 428 3891 (J
444 3840 481 3908 (m
499 3838 579 3907 erae.)
633 3841 650 3894 4
669 3843 892 3893 commoueantur
910 3843 938 3893 et
956 3839 1028 3894 unde
1041 3840 1101 3895 MS
1152 3840 1169 3894 6
1187 3840 1313 3910 principii
1329 3840 1353 3888 (ἶ

207 3926 250 3991 (ear
268 3926 392 3992 -iurn)V
462 3926 611 3981 sensumt'
680 3927 810 3997 possibile
827 3928 851 3979 (J
866 3926 1035 3997 impossibile
1052 3928 1078 3983 G
1097 3928 1144 3993 (im
1162 3946 1184 3983 a.
1203 3944 1230 3981 rc.
1249 3928 1351 3995 m2jV

207 4018 253 4065 cet.
345 4014 361 4067 8
380 4012 532 4069 deiectione
554 4014 605 4067 (JV
623 4020 649 4069 ct
668 4017 712 4081 (ne
731 4020 813 4082 eras.)
835 4014 861 4069 G
884 4014 1002 4069 defectio
1021 4016 1054 4069 N
1143 4018 1176 4070 ll
1196 4016 1310 4085 graphio
1329 4016 1353 4071 S

208 4100 290 4168 grafio
310 4108 357 4156 cet.
428 4104 460 4157 12
480 4104 754 4173 colligis...repetis
775 4102 857 4157 Gm2
875 4103 913 4157 N‘
983 4104 1351 4169 latebrosissimae

210 4192 240 4243 lt
259 4190 427 4262 subterfugit
447 4192 470 4243 (J
488 4193 509 4259 (i
527 4194 558 4247 ier
577 4196 645 4259 ras.)
665 4191 844 4261 subterfugiit
864 4192 891 4247 G
964 4194 996 4247 17
1015 4193 1304 4262 praeterit...rnundi
1321 4200 1350 4247 et

205 4280 269 4344 sert.
288 4280 474 4350 iraterpolcta;
492 4282 526 4349 cf.
542 4298 572 4350 p.
593 4285 633 4335 22
650 4298 677 4335 a.
698 4284 733 4335 12
777 4282 813 4335 20
832 4286 971 4336 aeternum
989 4283 1042 4335 (JV
1083 4284 1116 4337 21
1137 4288 1283 4337 creatorem
1300 4282 1350 4334 (IV

207 4368 240 4422 23
259 4368 313 4422 illi·
330 4370 353 4421 (J
405 4369 439 4423 96
458 4370 563 4424 hisdem
584 4370 674 4424 CGN‘
693 4370 794 4424 eisdem
812 4370 849 4423 M
