<?xml version="1.0" encoding="UTF-8"?>
<!DOCTYPE html PUBLIC "-//W3C//DTD XHTML 1.0 Transitional//EN"
    "http://www.w3.org/TR/xhtml1/DTD/xhtml1-transitional.dtd">
<html xmlns="http://www.w3.org/1999/xhtml" xml:lang="en" lang="en">
 <head>
  <title>
</title>
<meta http-equiv="Content-Type" content="text/html;charset=utf-8" />
  <meta name='ocr-system' content='tesseract 3.04.00' />
  <meta name='ocr-capabilities' content='ocr_page ocr_carea ocr_par ocr_line ocrx_word'/>
</head>
<body>
  <div class='ocr_page' id='page_1' title='image "./corpusscriptoru00wissgoog_0401.png"; bbox 0 0 3142 4967; ppageno 0'>
   <div class='ocr_carea' id='block_1_1' title="bbox 318 441 1306 514">
    <p class='ocr_par' dir='ltr' id='par_1_1' title="bbox 318 441 1306 514">
     <span class='ocr_line' id='line_1_1' title="bbox 318 441 1306 514; baseline 0.007 -18"><span class='ocrx_word' id='word_1_1' title='bbox 318 441 831 507; x_wconf 73' lang='lat' dir='ltr'>Decmnecabe1114.5,1c.1u</span> <span class='ocrx_word' id='word_1_2' title='bbox 870 443 894 510; x_wconf 92' lang='grc' dir='ltr'>(Ι</span> <span class='ocrx_word' id='word_1_3' title='bbox 913 445 965 499; x_wconf 83' lang='grc'>213</span> <span class='ocrx_word' id='word_1_4' title='bbox 984 446 1100 500; x_wconf 77' lang='grc'><strong>1)-214</strong></span> <span class='ocrx_word' id='word_1_5' title='bbox 1117 447 1163 514; x_wconf 87' lang='lat' dir='ltr'>D).</span> <span class='ocrx_word' id='word_1_6' title='bbox 1241 449 1306 512; x_wconf 85' lang='lat'>393</span> 
     </span>
    </p>
   </div>
   <div class='ocr_carea' id='block_1_2' title="bbox 46 639 1404 3604">
    <p class='ocr_par' dir='ltr' id='par_1_2' title="bbox 46 639 1404 3604">
     <span class='ocr_line' id='line_1_2' title="bbox 162 639 1308 724; baseline 0.002 -20"><span class='ocrx_word' id='word_1_7' title='bbox 162 641 337 718; x_wconf 88' lang='lat' dir='ltr'>auaritiam,</span> <span class='ocrx_word' id='word_1_8' title='bbox 374 639 531 724; x_wconf 87' lang='lat' dir='ltr'>relegauit</span> <span class='ocrx_word' id='word_1_9' title='bbox 566 640 740 724; x_wconf 77' lang='lat' dir='ltr'>perfidiam,</span> <span class='ocrx_word' id='word_1_10' title='bbox 773 641 968 706; x_wconf 89' lang='lat' dir='ltr'>renuntiauit</span> <span class='ocrx_word' id='word_1_11' title='bbox 1000 639 1180 718; x_wconf 87' lang='lat' dir='ltr'>fraudibus;</span> <span class='ocrx_word' id='word_1_12' title='bbox 1216 643 1308 707; x_wconf 86' lang='lat' dir='ltr'>aliter</span> 
     </span>
     <span class='ocr_line' id='line_1_3' title="bbox 160 746 1305 832; baseline 0.002 -20"><span class='ocrx_word' id='word_1_13' title='bbox 160 747 242 812; x_wconf 89' lang='lat' dir='ltr'>enim</span> <span class='ocrx_word' id='word_1_14' title='bbox 266 767 327 811; x_wconf 89' lang='lat' dir='ltr'>nen</span> <span class='ocrx_word' id='word_1_15' title='bbox 351 746 529 832; x_wconf 79' lang='lat' dir='ltr'><strong>ingreditur</strong></span> <span class='ocrx_word' id='word_1_16' title='bbox 552 747 700 813; x_wconf 83' lang='lat' dir='ltr'>Christus</span> <span class='ocrx_word' id='word_1_17' title='bbox 722 747 785 812; x_wconf 92' lang='lat' dir='ltr'>nisi</span> <span class='ocrx_word' id='word_1_18' title='bbox 809 751 846 812; x_wconf 94' lang='lat' dir='ltr'>ut</span> <span class='ocrx_word' id='word_1_19' title='bbox 874 749 954 813; x_wconf 88' lang='lat' dir='ltr'>uitia</span> <span class='ocrx_word' id='word_1_20' title='bbox 976 748 1132 827; x_wconf 79' lang='lat' dir='ltr'>excludat,</span> <span class='ocrx_word' id='word_1_21' title='bbox 1154 749 1305 831; x_wconf 89' lang='lat' dir='ltr'>quianon</span> 
     </span>
     <span class='ocr_line' id='line_1_4' title="bbox 160 855 1306 939; baseline -0.001 -18"><span class='ocrx_word' id='word_1_22' title='bbox 160 856 322 921; x_wconf 81' lang='lat' dir='ltr'><strong>cohabitat</strong></span> <span class='ocrx_word' id='word_1_23' title='bbox 344 855 513 919; x_wconf 82' lang='lat' dir='ltr'>amoribus.</span> <span class='ocrx_word' id='word_1_24' title='bbox 540 855 676 936; x_wconf 89' lang='lat' dir='ltr'>denique</span> <span class='ocrx_word' id='word_1_25' title='bbox 699 855 738 920; x_wconf 90' lang='lat' dir='ltr'>de</span> <span class='ocrx_word' id='word_1_26' title='bbox 760 857 881 939; x_wconf 90' lang='lat' dir='ltr'>templo</span> <span class='ocrx_word' id='word_1_27' title='bbox 907 855 1043 921; x_wconf 76' lang='lat' dir='ltr'>eiciebat</span> <span class='ocrx_word' id='word_1_28' title='bbox 1066 856 1306 933; x_wconf 86' lang='lat' dir='ltr'>nummularius,</span> 
     </span>
     <span class='ocr_line' id='line_1_5' title="bbox 160 961 1306 1047; baseline 0.002 -21"><span class='ocrx_word' id='word_1_29' title='bbox 160 962 233 1044; x_wconf 87' lang='lat' dir='ltr'>quia</span> <span class='ocrx_word' id='word_1_30' title='bbox 260 962 330 1043; x_wconf 88' lang='lat' dir='ltr'>ipsa</span> <span class='ocrx_word' id='word_1_31' title='bbox 357 962 488 1026; x_wconf 88' lang='lat' dir='ltr'>uolebat</span> <span class='ocrx_word' id='word_1_32' title='bbox 514 961 668 1026; x_wconf 88' lang='lat' dir='ltr'>habitare.</span> <span class='ocrx_word' id='word_1_33' title='bbox 700 961 785 1026; x_wconf 90' lang='lat' dir='ltr'>unde</span> <span class='ocrx_word' id='word_1_34' title='bbox 814 961 992 1027; x_wconf 75' lang='lat' dir='ltr'><strong>Zacchaeus</strong></span> <span class='ocrx_word' id='word_1_35' title='bbox 1023 963 1083 1028; x_wconf 88' lang='lat' dir='ltr'>hoc</span> <span class='ocrx_word' id='word_1_36' title='bbox 1115 963 1306 1047; x_wconf 86' lang='lat' dir='ltr'>intellegens</span> 
     </span>
     <span class='ocr_line' id='line_1_6' title="bbox 132 1069 1306 1152; baseline 0.006 -25"><span class='ocrx_word' id='word_1_37' title='bbox 132 1070 233 1150; x_wconf 72' lang='lat' dir='ltr'>aquia</span> <span class='ocrx_word' id='word_1_38' title='bbox 257 1069 419 1134; x_wconf 79' lang='lat' dir='ltr'>Christum</span> <span class='ocrx_word' id='word_1_39' title='bbox 443 1071 550 1133; x_wconf 89' lang='lat' dir='ltr'>uetare</span> <span class='ocrx_word' id='word_1_40' title='bbox 574 1087 632 1134; x_wconf 90' lang='lat' dir='ltr'>sue</span> <span class='ocrx_word' id='word_1_41' title='bbox 656 1069 819 1152; x_wconf 80' lang='lat' dir='ltr'>suscipere</span> <span class='ocrx_word' id='word_1_42' title='bbox 842 1089 903 1134; x_wconf 90' lang='lat' dir='ltr'>non</span> <span class='ocrx_word' id='word_1_43' title='bbox 925 1073 1050 1151; x_wconf 86' lang='lat' dir='ltr'>poterat</span> <span class='ocrx_word' id='word_1_44' title='bbox 1068 1069 1194 1148; x_wconf 87' lang='lat' dir='ltr'>affectu,</span> <span class='ocrx_word' id='word_1_45' title='bbox 1215 1089 1306 1152; x_wconf 89' lang='lat' dir='ltr'>supe·</span> 
     </span>
     <span class='ocr_line' id='line_1_7' title="bbox 159 1173 1304 1256; baseline 0 -16"><span class='ocrx_word' id='word_1_46' title='bbox 159 1176 242 1242; x_wconf 82' lang='lat' dir='ltr'>rinna</span> <span class='ocrx_word' id='word_1_47' title='bbox 276 1175 358 1239; x_wconf 89' lang='lat' dir='ltr'>uitia</span> <span class='ocrx_word' id='word_1_48' title='bbox 394 1175 476 1239; x_wconf 85' lang='lat' dir='ltr'>crire</span> <span class='ocrx_word' id='word_1_49' title='bbox 508 1192 567 1239; x_wconf 91' lang='lat' dir='ltr'>sue</span> <span class='ocrx_word' id='word_1_50' title='bbox 599 1174 697 1239; x_wconf 90' lang='lat' dir='ltr'>iussit</span> <span class='ocrx_word' id='word_1_51' title='bbox 728 1173 878 1256; x_wconf 86' lang='lat' dir='ltr'>bospitio,</span> <span class='ocrx_word' id='word_1_52' title='bbox 912 1179 949 1239; x_wconf 90' lang='lat' dir='ltr'>ut</span> <span class='ocrx_word' id='word_1_53' title='bbox 981 1175 1128 1240; x_wconf 80' lang='lat' dir='ltr'>Christus</span> <span class='ocrx_word' id='word_1_54' title='bbox 1161 1176 1304 1240; x_wconf 82' lang='lat' dir='ltr'>intraret.</span> 
     </span>
     <span class='ocr_line' id='line_1_8' title="bbox 158 1280 1404 1365; baseline 0 -19"><span class='ocrx_word' id='word_1_55' title='bbox 158 1282 272 1346; x_wconf 87' lang='lat' dir='ltr'>merite</span> <span class='ocrx_word' id='word_1_56' title='bbox 312 1281 414 1365; x_wconf 86' lang='lat' dir='ltr'>igitur</span> <span class='ocrx_word' id='word_1_57' title='bbox 454 1281 767 1345; x_wconf 75' lang='lat' dir='ltr'>obmurmurantibus</span> <span class='ocrx_word' id='word_1_58' title='bbox 814 1280 899 1364; x_wconf 89' lang='lat' dir='ltr'>quud</span> <span class='ocrx_word' id='word_1_59' title='bbox 945 1281 1091 1348; x_wconf 90' lang='lat' dir='ltr'>dominus</span> <span class='ocrx_word' id='word_1_60' title='bbox 1133 1283 1224 1346; x_wconf 87' lang='lat' dir='ltr'>lesus</span> <span class='ocrx_word' id='word_1_61' title='bbox 1266 1282 1404 1348; x_wconf 69' lang='lat' dir='ltr'>adelch</span> 
     </span>
     <span class='ocr_line' id='line_1_9' title="bbox 160 1387 1304 1468; baseline 0 -15"><span class='ocrx_word' id='word_1_62' title='bbox 160 1389 319 1454; x_wconf 88' lang='lat' dir='ltr'>hominem</span> <span class='ocrx_word' id='word_1_63' title='bbox 352 1389 550 1468; x_wconf 83' lang='lat' dir='ltr'>peccatorem</span> <span class='ocrx_word' id='word_1_64' title='bbox 583 1387 769 1451; x_wconf 89' lang='lat' dir='ltr'>diuertisset</span> <span class='ocrx_word' id='word_1_65' title='bbox 799 1407 925 1452; x_wconf 88' lang='lat' dir='ltr'>manere</span> <span class='ocrx_word' id='word_1_66' title='bbox 953 1387 1032 1452; x_wconf 81' lang='lat' dir='ltr'>dixit</span> <span class='ocrx_word' id='word_1_67' title='bbox 1059 1389 1099 1454; x_wconf 88' lang='lat' dir='ltr'>ad</span> <span class='ocrx_word' id='word_1_68' title='bbox 1127 1387 1304 1454; x_wconf 90' lang='lat' dir='ltr'>dominum:</span> 
     </span>
     <span class='ocr_line' id='line_1_10' title="bbox 161 1493 1305 1579; baseline 0.002 -19"><span class='ocrx_word' id='word_1_69' title='bbox 161 1513 252 1560; x_wconf 90' lang='lat' dir='ltr'>ecce</span> <span class='ocrx_word' id='word_1_70' title='bbox 286 1493 497 1559; x_wconf 88' lang='lat' dir='ltr'>dimidium</span> <span class='ocrx_word' id='word_1_71' title='bbox 530 1493 722 1558; x_wconf 86' lang='lat' dir='ltr'>benorum</span> <span class='ocrx_word' id='word_1_72' title='bbox 755 1513 931 1558; x_wconf 88' lang='lat' dir='ltr'>meorum</span> <span class='ocrx_word' id='word_1_73' title='bbox 965 1494 1011 1559; x_wconf 92' lang='lat' dir='ltr'>dn</span> <span class='ocrx_word' id='word_1_74' title='bbox 1043 1497 1305 1579; x_wconf 88' lang='lat' dir='ltr'>pauperibus,</span> 
     </span>
     <span class='ocr_line' id='line_1_11' title="bbox 122 1600 1306 1685; baseline 0 -19"><span class='ocrx_word' id='word_1_75' title='bbox 122 1606 199 1666; x_wconf 83' lang='lat' dir='ltr'>wat</span> <span class='ocrx_word' id='word_1_76' title='bbox 231 1601 266 1666; x_wconf 91' lang='lat' dir='ltr'>si</span> <span class='ocrx_word' id='word_1_77' title='bbox 299 1601 364 1666; x_wconf 89' lang='lat' dir='ltr'>cui</span> <span class='ocrx_word' id='word_1_78' title='bbox 397 1600 556 1682; x_wconf 89' lang='lat' dir='ltr'>aliquid</span> <span class='ocrx_word' id='word_1_79' title='bbox 590 1600 733 1664; x_wconf 82' lang='lat' dir='ltr'>fraude</span> <span class='ocrx_word' id='word_1_80' title='bbox 770 1601 938 1678; x_wconf 85' lang='lat' dir='ltr'>abstuli,</span> <span class='ocrx_word' id='word_1_81' title='bbox 976 1601 1098 1669; x_wconf 87' lang='lat' dir='ltr'>reddo</span> <span class='ocrx_word' id='word_1_82' title='bbox 1139 1603 1306 1685; x_wconf 90' lang='lat' dir='ltr'>quadru-</span> 
     </span>
     <span class='ocr_line' id='line_1_12' title="bbox 159 1705 1305 1791; baseline 0.002 -19"><span class='ocrx_word' id='word_1_83' title='bbox 159 1710 279 1791; x_wconf 89' lang='lat' dir='ltr'>plum.</span> <span class='ocrx_word' id='word_1_84' title='bbox 303 1707 335 1772; x_wconf 92' lang='lat' dir='ltr'>in</span> <span class='ocrx_word' id='word_1_85' title='bbox 360 1727 423 1789; x_wconf 90' lang='lat' dir='ltr'>qun</span> <span class='ocrx_word' id='word_1_86' title='bbox 445 1707 511 1772; x_wconf 91' lang='lat' dir='ltr'>illis</span> <span class='ocrx_word' id='word_1_87' title='bbox 534 1706 699 1788; x_wconf 88' lang='lat' dir='ltr'>respondit</span> <span class='ocrx_word' id='word_1_88' title='bbox 722 1705 775 1788; x_wconf 87' lang='lat' dir='ltr'>qui</span> <span class='ocrx_word' id='word_1_89' title='bbox 796 1706 942 1770; x_wconf 89' lang='lat' dir='ltr'>dicebant</span> <span class='ocrx_word' id='word_1_90' title='bbox 959 1711 1158 1788; x_wconf 86' lang='lat' dir='ltr'>peccatoram</span> <span class='ocrx_word' id='word_1_91' title='bbox 1180 1708 1305 1779; x_wconf 85' lang='lat' dir='ltr'>Christo</span> 
     </span>
     <span class='ocr_line' id='line_1_13' title="bbox 160 1811 1306 1896; baseline 0.002 -19"><span class='ocrx_word' id='word_1_92' title='bbox 160 1814 336 1896; x_wconf 83' lang='lat' dir='ltr'>hospitium</span> <span class='ocrx_word' id='word_1_93' title='bbox 371 1833 432 1878; x_wconf 91' lang='lat' dir='ltr'>nnn</span> <span class='ocrx_word' id='word_1_94' title='bbox 467 1812 616 1878; x_wconf 86' lang='lat' dir='ltr'>debuisse</span> <span class='ocrx_word' id='word_1_95' title='bbox 647 1811 806 1892; x_wconf 85' lang='lat' dir='ltr'>praebere,</span> <span class='ocrx_word' id='word_1_96' title='bbox 839 1813 900 1877; x_wconf 90' lang='lat' dir='ltr'>hoc</span> <span class='ocrx_word' id='word_1_97' title='bbox 933 1817 996 1877; x_wconf 89' lang='lat' dir='ltr'>est:</span> <span class='ocrx_word' id='word_1_98' title='bbox 1024 1814 1097 1878; x_wconf 83' lang='lat' dir='ltr'>‘iam</span> <span class='ocrx_word' id='word_1_99' title='bbox 1134 1834 1194 1879; x_wconf 91' lang='lat' dir='ltr'>non</span> <span class='ocrx_word' id='word_1_100' title='bbox 1234 1835 1306 1879; x_wconf 89' lang='lat' dir='ltr'>sum</span> 
     </span>
     <span class='ocr_line' id='line_1_14' title="bbox 159 1919 1305 2004; baseline -0.001 -18"><span class='ocrx_word' id='word_1_101' title='bbox 159 1920 360 2004; x_wconf 90' lang='lat' dir='ltr'>publicanus,</span> <span class='ocrx_word' id='word_1_102' title='bbox 393 1938 454 1984; x_wconf 89' lang='lat' dir='ltr'>non</span> <span class='ocrx_word' id='word_1_103' title='bbox 487 1919 542 1984; x_wconf 92' lang='lat' dir='ltr'>ille</span> <span class='ocrx_word' id='word_1_104' title='bbox 572 1919 764 1995; x_wconf 80' lang='lat' dir='ltr'>Zacchaeus,</span> <span class='ocrx_word' id='word_1_105' title='bbox 798 1939 858 1984; x_wconf 87' lang='lat' dir='ltr'>nen</span> <span class='ocrx_word' id='word_1_106' title='bbox 891 1921 1019 2001; x_wconf 84' lang='lat' dir='ltr'>praede,</span> <span class='ocrx_word' id='word_1_107' title='bbox 1050 1941 1112 1985; x_wconf 90' lang='lat' dir='ltr'>non</span> <span class='ocrx_word' id='word_1_108' title='bbox 1135 1921 1305 1986; x_wconf 85' lang='lat' dir='ltr'>fraudator.</span> 
     </span>
     <span class='ocr_line' id='line_1_15' title="bbox 160 2025 1304 2109; baseline 0.001 -17"><span class='ocrx_word' id='word_1_109' title='bbox 160 2027 255 2092; x_wconf 90' lang='lat' dir='ltr'>reddo</span> <span class='ocrx_word' id='word_1_110' title='bbox 280 2045 359 2109; x_wconf 88' lang='lat' dir='ltr'>quas</span> <span class='ocrx_word' id='word_1_111' title='bbox 383 2026 513 2103; x_wconf 83' lang='lat' dir='ltr'>sustuli,</span> <span class='ocrx_word' id='word_1_112' title='bbox 537 2025 633 2090; x_wconf 88' lang='lat' dir='ltr'>reddo</span> <span class='ocrx_word' id='word_1_113' title='bbox 658 2025 713 2107; x_wconf 87' lang='lat' dir='ltr'>qui</span> <span class='ocrx_word' id='word_1_114' title='bbox 736 2026 858 2091; x_wconf 80' lang='lat' dir='ltr'>anferre</span> <span class='ocrx_word' id='word_1_115' title='bbox 877 2047 1116 2093; x_wconf 87' lang='lat' dir='ltr'>consueueram.</span> <span class='ocrx_word' id='word_1_116' title='bbox 1139 2030 1201 2093; x_wconf 85' lang='lat' dir='ltr'>iarn</span> <span class='ocrx_word' id='word_1_117' title='bbox 1223 2027 1304 2093; x_wconf 90' lang='lat' dir='ltr'>dono</span> 
     </span>
     <span class='ocr_line' id='line_1_16' title="bbox 121 2132 1355 2217; baseline 0.003 -20"><span class='ocrx_word' id='word_1_118' title='bbox 121 2153 143 2190; x_wconf 78' lang='lat' dir='ltr'>a</span> <span class='ocrx_word' id='word_1_119' title='bbox 159 2133 364 2216; x_wconf 85' lang='lat' dir='ltr'>pauperibus,</span> <span class='ocrx_word' id='word_1_120' title='bbox 389 2151 469 2214; x_wconf 88' lang='lat' dir='ltr'>quos</span> <span class='ocrx_word' id='word_1_121' title='bbox 494 2134 566 2196; x_wconf 86' lang='lat' dir='ltr'>ante</span> <span class='ocrx_word' id='word_1_122' title='bbox 589 2132 758 2209; x_wconf 89' lang='lat' dir='ltr'>nudabam,</span> <span class='ocrx_word' id='word_1_123' title='bbox 780 2133 845 2198; x_wconf 89' lang='lat' dir='ltr'>iam</span> <span class='ocrx_word' id='word_1_124' title='bbox 869 2153 940 2200; x_wconf 88' lang='lat' dir='ltr'>mea</span> <span class='ocrx_word' id='word_1_125' title='bbox 963 2135 1099 2212; x_wconf 82' lang='lat' dir='ltr'>contero,</span> <span class='ocrx_word' id='word_1_126' title='bbox 1124 2136 1178 2217; x_wconf 90' lang='lat' dir='ltr'>qui</span> <span class='ocrx_word' id='word_1_127' title='bbox 1203 2136 1307 2200; x_wconf 90' lang='lat' dir='ltr'>aliena</span> <span class='ocrx_word' id='word_1_128' title='bbox 1333 2148 1355 2201; x_wconf 88' lang='grc' dir='ltr'>Β</span> 
     </span>
     <span class='ocr_line' id='line_1_17' title="bbox 160 2239 1305 2324; baseline 0.003 -20"><span class='ocrx_word' id='word_1_129' title='bbox 160 2240 343 2324; x_wconf 62' lang='lat' dir='ltr'>rapiebam?</span> <span class='ocrx_word' id='word_1_130' title='bbox 369 2239 520 2322; x_wconf 85' lang='lat' dir='ltr'>fugerunt</span> <span class='ocrx_word' id='word_1_131' title='bbox 543 2239 683 2316; x_wconf 88' lang='lat' dir='ltr'>crimina,</span> <span class='ocrx_word' id='word_1_132' title='bbox 707 2242 878 2322; x_wconf 88' lang='lat' dir='ltr'>postquam</span> <span class='ocrx_word' id='word_1_133' title='bbox 904 2241 1050 2306; x_wconf 83' lang='lat' dir='ltr'>Christus</span> <span class='ocrx_word' id='word_1_134' title='bbox 1073 2243 1218 2318; x_wconf 87' lang='lat' dir='ltr'>intrauit;</span> <span class='ocrx_word' id='word_1_135' title='bbox 1244 2243 1305 2308; x_wconf 90' lang='lat' dir='ltr'>dis·</span> 
     </span>
     <span class='ocr_line' id='line_1_18' title="bbox 162 2346 1307 2430; baseline 0.001 -18"><span class='ocrx_word' id='word_1_136' title='bbox 162 2366 255 2412; x_wconf 89' lang='lat' dir='ltr'>cussa</span> <span class='ocrx_word' id='word_1_137' title='bbox 283 2350 334 2411; x_wconf 90' lang='lat' dir='ltr'>est</span> <span class='ocrx_word' id='word_1_138' title='bbox 361 2347 464 2410; x_wconf 81' lang='lat' dir='ltr'>omnis</span> <span class='ocrx_word' id='word_1_139' title='bbox 493 2346 665 2410; x_wconf 87' lang='lat' dir='ltr'>carnalium</span> <span class='ocrx_word' id='word_1_140' title='bbox 694 2347 830 2412; x_wconf 86' lang='lat' dir='ltr'>caecitas</span> <span class='ocrx_word' id='word_1_141' title='bbox 858 2349 1055 2430; x_wconf 87' lang='lat' dir='ltr'>passionum,</span> <span class='ocrx_word' id='word_1_142' title='bbox 1084 2349 1138 2412; x_wconf 91' lang='lat' dir='ltr'>nbi</span> <span class='ocrx_word' id='word_1_143' title='bbox 1163 2351 1307 2414; x_wconf 88' lang='lat' dir='ltr'>aeternae</span> 
     </span>
     <span class='ocr_line' id='line_1_19' title="bbox 46 2452 1306 2537; baseline 0.001 -20"><span class='ocrx_word' id='word_1_144' title='bbox 46 2454 117 2531; x_wconf 66' lang='lat' dir='ltr'>ult</span> <span class='ocrx_word' id='word_1_145' title='bbox 161 2454 245 2519; x_wconf 89' lang='lat' dir='ltr'>uitae</span> <span class='ocrx_word' id='word_1_146' title='bbox 276 2454 386 2519; x_wconf 91' lang='lat' dir='ltr'>lumen</span> <span class='ocrx_word' id='word_1_147' title='bbox 413 2453 554 2516; x_wconf 86' lang='lat' dir='ltr'>infusum</span> <span class='ocrx_word' id='word_1_148' title='bbox 583 2459 642 2517; x_wconf 88' lang='lat' dir='ltr'>est.</span> <span class='ocrx_word' id='word_1_149' title='bbox 671 2452 808 2517; x_wconf 82' lang='lat' dir='ltr'>diximus</span> <span class='ocrx_word' id='word_1_150' title='bbox 838 2453 875 2518; x_wconf 90' lang='lat' dir='ltr'>de</span> <span class='ocrx_word' id='word_1_151' title='bbox 903 2453 1133 2537; x_wconf 71' lang='lat' dir='ltr'>primogenitis</span> <span class='ocrx_word' id='word_1_152' title='bbox 1164 2455 1306 2520; x_wconf 89' lang='lat' dir='ltr'>dicamus</span> 
     </span>
     <span class='ocr_line' id='line_1_20' title="bbox 160 2558 1355 2641; baseline 0.003 -17"><span class='ocrx_word' id='word_1_153' title='bbox 160 2561 257 2624; x_wconf 89' lang='lat' dir='ltr'>etiam</span> <span class='ocrx_word' id='word_1_154' title='bbox 279 2560 318 2624; x_wconf 89' lang='lat' dir='ltr'>de</span> <span class='ocrx_word' id='word_1_155' title='bbox 341 2558 500 2641; x_wconf 84' lang='lat' dir='ltr'>adipibus,</span> <span class='ocrx_word' id='word_1_156' title='bbox 525 2558 698 2641; x_wconf 87' lang='lat' dir='ltr'>dequibus</span> <span class='ocrx_word' id='word_1_157' title='bbox 718 2559 796 2622; x_wconf 88' lang='lat' dir='ltr'>satis</span> <span class='ocrx_word' id='word_1_158' title='bbox 816 2559 1172 2624; x_wconf 87' lang='lat' dir='ltr'>decetDauiddicens:</span> <span class='ocrx_word' id='word_1_159' title='bbox 1198 2561 1307 2624; x_wconf 87' lang='lat' dir='ltr'>sicut</span> <span class='ocrx_word' id='word_1_160' title='bbox 1335 2575 1355 2628; x_wconf 75' lang='lat' dir='ltr'>t·</span> 
     </span>
     <span class='ocr_line' id='line_1_21' title="bbox 117 2665 1309 2748; baseline 0.002 -20"><span class='ocrx_word' id='word_1_161' title='bbox 117 2687 143 2728; x_wconf 77' lang='lat' dir='ltr'>an</span> <span class='ocrx_word' id='word_1_162' title='bbox 161 2666 277 2748; x_wconf 89' lang='lat' dir='ltr'>adipe</span> <span class='ocrx_word' id='word_1_163' title='bbox 307 2669 347 2730; x_wconf 91' lang='lat' dir='ltr'>et</span> <span class='ocrx_word' id='word_1_164' title='bbox 376 2665 626 2748; x_wconf 86' lang='lat' dir='ltr'>pinguedine</span> <span class='ocrx_word' id='word_1_165' title='bbox 648 2666 860 2745; x_wconf 89' lang='lat' dir='ltr'>repleatur</span> <span class='ocrx_word' id='word_1_166' title='bbox 883 2666 1012 2730; x_wconf 88' lang='lat' dir='ltr'>anima</span> <span class='ocrx_word' id='word_1_167' title='bbox 1036 2685 1129 2730; x_wconf 89' lang='lat' dir='ltr'>mea.</span> <span class='ocrx_word' id='word_1_168' title='bbox 1158 2672 1309 2748; x_wconf 78' lang='lat' dir='ltr'>utsupra</span> 
     </span>
     <span class='ocr_line' id='line_1_22' title="bbox 158 2771 1307 2856; baseline 0 -20"><span class='ocrx_word' id='word_1_169' title='bbox 158 2775 218 2838; x_wconf 85' lang='lat' dir='ltr'>ait:</span> <span class='ocrx_word' id='word_1_170' title='bbox 252 2776 292 2838; x_wconf 91' lang='lat' dir='ltr'>et</span> <span class='ocrx_word' id='word_1_171' title='bbox 323 2772 616 2836; x_wconf 82' lang='lat' dir='ltr'>holocaustum</span> <span class='ocrx_word' id='word_1_172' title='bbox 649 2776 760 2835; x_wconf 92' lang='lat' dir='ltr'>tuum</span> <span class='ocrx_word' id='word_1_173' title='bbox 794 2772 944 2856; x_wconf 82' lang='lat' dir='ltr'>pingue</span> <span class='ocrx_word' id='word_1_174' title='bbox 977 2771 1064 2850; x_wconf 85' lang='lat' dir='ltr'>fiat,</span> <span class='ocrx_word' id='word_1_175' title='bbox 1098 2772 1157 2838; x_wconf 82' lang='lat' dir='ltr'>lnce</span> <span class='ocrx_word' id='word_1_176' title='bbox 1190 2772 1307 2837; x_wconf 89' lang='lat' dir='ltr'>decens</span> 
     </span>
     <span class='ocr_line' id='line_1_23' title="bbox 159 2878 1309 2963; baseline -0.001 -19"><span class='ocrx_word' id='word_1_177' title='bbox 159 2879 355 2963; x_wconf 87' lang='lat' dir='ltr'>acceptabile</span> <span class='ocrx_word' id='word_1_178' title='bbox 387 2897 459 2943; x_wconf 87' lang='lat' dir='ltr'>esse</span> <span class='ocrx_word' id='word_1_179' title='bbox 491 2878 691 2955; x_wconf 88' lang='lat' dir='ltr'>sacrificium,</span> <span class='ocrx_word' id='word_1_180' title='bbox 726 2879 812 2961; x_wconf 89' lang='lat' dir='ltr'>qued</span> <span class='ocrx_word' id='word_1_181' title='bbox 844 2880 972 2962; x_wconf 90' lang='lat' dir='ltr'>pingue,</span> <span class='ocrx_word' id='word_1_182' title='bbox 1004 2879 1088 2960; x_wconf 89' lang='lat' dir='ltr'>qued</span> <span class='ocrx_word' id='word_1_183' title='bbox 1116 2879 1253 2944; x_wconf 90' lang='lat' dir='ltr'>nitidum</span> <span class='ocrx_word' id='word_1_184' title='bbox 1277 2883 1309 2943; x_wconf 90' lang='lat' dir='ltr'>et</span> 
     </span>
     <span class='ocr_line' id='line_1_24' title="bbox 160 2985 1308 3070; baseline 0.001 -19"><span class='ocrx_word' id='word_1_185' title='bbox 160 2987 296 3069; x_wconf 88' lang='lat' dir='ltr'>quedem</span> <span class='ocrx_word' id='word_1_186' title='bbox 333 2985 450 3069; x_wconf 87' lang='lat' dir='ltr'>pabulo</span> <span class='ocrx_word' id='word_1_187' title='bbox 483 2985 555 3049; x_wconf 88' lang='lat' dir='ltr'>fidei</span> <span class='ocrx_word' id='word_1_188' title='bbox 589 3004 625 3049; x_wconf 88' lang='lat' dir='ltr'>ac</span> <span class='ocrx_word' id='word_1_189' title='bbox 658 2985 837 3050; x_wconf 88' lang='lat' dir='ltr'>denotionis</span> <span class='ocrx_word' id='word_1_190' title='bbox 869 2986 1023 3070; x_wconf 89' lang='lat' dir='ltr'>nerbique</span> <span class='ocrx_word' id='word_1_191' title='bbox 1056 2986 1202 3051; x_wconf 85' lang='lat' dir='ltr'>caelestis</span> <span class='ocrx_word' id='word_1_192' title='bbox 1234 2987 1308 3052; x_wconf 90' lang='lat' dir='ltr'>uhe-</span> 
     </span>
     <span class='ocr_line' id='line_1_25' title="bbox 157 3091 1307 3178; baseline 0.001 -22"><span class='ocrx_word' id='word_1_193' title='bbox 157 3093 240 3158; x_wconf 87' lang='lat' dir='ltr'>riora</span> <span class='ocrx_word' id='word_1_194' title='bbox 278 3092 429 3158; x_wconf 87' lang='lat' dir='ltr'>alimonia</span> <span class='ocrx_word' id='word_1_195' title='bbox 464 3091 655 3175; x_wconf 87' lang='lat' dir='ltr'>saginatum.</span> <span class='ocrx_word' id='word_1_196' title='bbox 692 3094 873 3174; x_wconf 81' lang='lat' dir='ltr'>frequenter</span> <span class='ocrx_word' id='word_1_197' title='bbox 909 3097 1026 3178; x_wconf 91' lang='lat' dir='ltr'>pingue</span> <span class='ocrx_word' id='word_1_198' title='bbox 1060 3112 1139 3174; x_wconf 90' lang='lat' dir='ltr'>opus</span> <span class='ocrx_word' id='word_1_199' title='bbox 1173 3093 1307 3158; x_wconf 86' lang='lat' dir='ltr'>dicimus</span> 
     </span>
     <span class='ocr_line' id='line_1_26' title="bbox 118 3199 1309 3284; baseline 0 -20"><span class='ocrx_word' id='word_1_200' title='bbox 118 3200 245 3281; x_wconf 77' lang='lat' dir='ltr'>aquen</span> <span class='ocrx_word' id='word_1_201' title='bbox 292 3199 433 3282; x_wconf 89' lang='lat' dir='ltr'>spissum</span> <span class='ocrx_word' id='word_1_202' title='bbox 475 3202 508 3263; x_wconf 90' lang='lat' dir='ltr'>et</span> <span class='ocrx_word' id='word_1_203' title='bbox 549 3218 717 3280; x_wconf 87' lang='lat' dir='ltr'>operosum</span> <span class='ocrx_word' id='word_1_204' title='bbox 763 3200 903 3264; x_wconf 89' lang='lat' dir='ltr'>uelimus</span> <span class='ocrx_word' id='word_1_205' title='bbox 945 3201 1089 3284; x_wconf 88' lang='lat' dir='ltr'>intellegi</span> <span class='ocrx_word' id='word_1_206' title='bbox 1132 3204 1163 3265; x_wconf 89' lang='lat' dir='ltr'>et</span> <span class='ocrx_word' id='word_1_207' title='bbox 1203 3201 1309 3283; x_wconf 86' lang='lat' dir='ltr'>opima</span> 
     </span>
     <span class='ocr_line' id='line_1_27' title="bbox 160 3305 1309 3389; baseline 0 -19"><span class='ocrx_word' id='word_1_208' title='bbox 160 3307 265 3372; x_wconf 86' lang='lat' dir='ltr'>hestia</span> <span class='ocrx_word' id='word_1_209' title='bbox 299 3305 500 3389; x_wconf 86' lang='lat' dir='ltr'>praedicatur</span> <span class='ocrx_word' id='word_1_210' title='bbox 536 3325 618 3387; x_wconf 87' lang='lat' dir='ltr'>quaa</span> <span class='ocrx_word' id='word_1_211' title='bbox 655 3325 715 3370; x_wconf 89' lang='lat' dir='ltr'>nen</span> <span class='ocrx_word' id='word_1_212' title='bbox 748 3306 793 3370; x_wconf 91' lang='lat' dir='ltr'>sit</span> <span class='ocrx_word' id='word_1_213' title='bbox 824 3307 929 3371; x_wconf 86' lang='lat' dir='ltr'>tenuis</span> <span class='ocrx_word' id='word_1_214' title='bbox 963 3313 995 3371; x_wconf 91' lang='lat' dir='ltr'>et</span> <span class='ocrx_word' id='word_1_215' title='bbox 1027 3307 1127 3372; x_wconf 85' lang='lat' dir='ltr'>erilis.</span> <span class='ocrx_word' id='word_1_216' title='bbox 1161 3307 1243 3371; x_wconf 93' lang='lat' dir='ltr'>unde</span> <span class='ocrx_word' id='word_1_217' title='bbox 1277 3309 1309 3370; x_wconf 89' lang='lat' dir='ltr'>et</span> 
     </span>
     <span class='ocr_line' id='line_1_28' title="bbox 161 3411 1308 3497; baseline 0.002 -21"><span class='ocrx_word' id='word_1_218' title='bbox 161 3411 350 3476; x_wconf 83' lang='lat' dir='ltr'>sacrificium</span> <span class='ocrx_word' id='word_1_219' title='bbox 388 3413 506 3496; x_wconf 90' lang='lat' dir='ltr'>pingue</span> <span class='ocrx_word' id='word_1_220' title='bbox 541 3416 626 3477; x_wconf 88' lang='lat' dir='ltr'>recte</span> <span class='ocrx_word' id='word_1_221' title='bbox 663 3432 896 3497; x_wconf 87' lang='lat' dir='ltr'>nuncupamus,</span> <span class='ocrx_word' id='word_1_222' title='bbox 930 3414 1014 3495; x_wconf 90' lang='lat' dir='ltr'>quod</span> <span class='ocrx_word' id='word_1_223' title='bbox 1048 3415 1186 3496; x_wconf 90' lang='lat' dir='ltr'>opimum</span> <span class='ocrx_word' id='word_1_224' title='bbox 1221 3413 1308 3495; x_wconf 94' lang='lat' dir='ltr'>cupi·</span> 
     </span>
     <span class='ocr_line' id='line_1_29' title="bbox 160 3517 1358 3604; baseline -0.003 -22"><span class='ocrx_word' id='word_1_225' title='bbox 160 3537 232 3583; x_wconf 89' lang='lat' dir='ltr'>mus</span> <span class='ocrx_word' id='word_1_226' title='bbox 261 3518 429 3583; x_wconf 87' lang='lat' dir='ltr'>declarare.</span> <span class='ocrx_word' id='word_1_227' title='bbox 461 3518 517 3583; x_wconf 89' lang='lat' dir='ltr'>sed</span> <span class='ocrx_word' id='word_1_228' title='bbox 544 3519 641 3584; x_wconf 88' lang='lat' dir='ltr'>stiam</span> <span class='ocrx_word' id='word_1_229' title='bbox 668 3517 749 3583; x_wconf 88' lang='lat' dir='ltr'>illud</span> <span class='ocrx_word' id='word_1_230' title='bbox 777 3517 966 3584; x_wconf 86' lang='lat' dir='ltr'>documento</span> <span class='ocrx_word' id='word_1_231' title='bbox 991 3523 1041 3584; x_wconf 89' lang='lat' dir='ltr'>est</span> <span class='ocrx_word' id='word_1_232' title='bbox 1065 3521 1149 3601; x_wconf 87' lang='lat' dir='ltr'>quod</span> <span class='ocrx_word' id='word_1_233' title='bbox 1172 3521 1306 3604; x_wconf 88' lang='lat' dir='ltr'>pingues</span> <span class='ocrx_word' id='word_1_234' title='bbox 1336 3531 1358 3583; x_wconf 79' lang='lat' dir='ltr'>i&gt;</span> 
     </span>
    </p>
   </div>
   <div class='ocr_carea' id='block_1_3' title="bbox 164 3761 1309 3996">
    <p class='ocr_par' dir='ltr' id='par_1_3' title="bbox 164 3761 1309 3996">
     <span class='ocr_line' id='line_1_30' title="bbox 250 3761 1306 3830; baseline 0 -13"><span class='ocrx_word' id='word_1_235' title='bbox 250 3763 384 3818; x_wconf 75' lang='lat' dir='ltr'>attauh.</span> <span class='ocrx_word' id='word_1_236' title='bbox 404 3763 448 3828; x_wconf 83' lang='grc'>21,</span> <span class='ocrx_word' id='word_1_237' title='bbox 469 3763 502 3815; x_wconf 88' lang='grc'>12</span> <span class='ocrx_word' id='word_1_238' title='bbox 521 3761 614 3830; x_wconf 83' lang='lat' dir='ltr'>(Marc.</span> <span class='ocrx_word' id='word_1_239' title='bbox 636 3761 677 3822; x_wconf 92' lang='lat' dir='ltr'>ll,</span> <span class='ocrx_word' id='word_1_240' title='bbox 700 3763 732 3815; x_wconf 75' lang='grc'>15</span> <span class='ocrx_word' id='word_1_241' title='bbox 751 3761 809 3817; x_wconf 86' lang='lat' dir='ltr'>leh.</span> <span class='ocrx_word' id='word_1_242' title='bbox 830 3764 855 3828; x_wconf 78' lang='grc'>2,</span> <span class='ocrx_word' id='word_1_243' title='bbox 876 3763 919 3826; x_wconf 73' lang='lat'>15)</span> <span class='ocrx_word' id='word_1_244' title='bbox 972 3763 986 3815; x_wconf 79' lang='lat'><strong>7</strong></span> <span class='ocrx_word' id='word_1_245' title='bbox 1006 3761 1070 3816; x_wconf 85' lang='lat' dir='ltr'>Luc.</span> <span class='ocrx_word' id='word_1_246' title='bbox 1088 3763 1161 3828; x_wconf 70' lang='lat' dir='ltr'>las</span> <span class='ocrx_word' id='word_1_247' title='bbox 1212 3765 1306 3817; x_wconf 89' lang='lat' dir='ltr'>9an</span> 
     </span>
     <span class='ocr_line' id='line_1_31' title="bbox 164 3849 1309 3920; baseline -0.001 -13"><span class='ocrx_word' id='word_1_248' title='bbox 164 3853 241 3920; x_wconf 82' lang='lat'>19,8</span> <span class='ocrx_word' id='word_1_249' title='bbox 334 3853 367 3905; x_wconf 85' lang='grc'>18</span> <span class='ocrx_word' id='word_1_250' title='bbox 390 3851 470 3904; x_wconf 89' lang='lat' dir='ltr'>Phile</span> <span class='ocrx_word' id='word_1_251' title='bbox 495 3850 528 3904; x_wconf 86' lang='lat' dir='ltr'>dc</span> <span class='ocrx_word' id='word_1_252' title='bbox 553 3867 619 3905; x_wconf 84' lang='lat' dir='ltr'>sacr.</span> <span class='ocrx_word' id='word_1_253' title='bbox 644 3850 679 3904; x_wconf 91' lang='grc'>40</span> <span class='ocrx_word' id='word_1_254' title='bbox 705 3852 775 3910; x_wconf 85' lang='grc'><strong>(190,</strong></span> <span class='ocrx_word' id='word_1_255' title='bbox 803 3853 847 3916; x_wconf 92' lang='grc'>11;</span> <span class='ocrx_word' id='word_1_256' title='bbox 872 3849 885 3903; x_wconf 91' lang='lat'>1</span> <span class='ocrx_word' id='word_1_257' title='bbox 910 3851 1088 3918; x_wconf 64' lang='grc'><strong>2511130),</strong></span> <span class='ocrx_word' id='word_1_258' title='bbox 1108 3852 1141 3905; x_wconf 89' lang='lat' dir='ltr'>cf.</span> <span class='ocrx_word' id='word_1_259' title='bbox 1162 3850 1228 3908; x_wconf 83' lang='lat' dir='ltr'>Gen.</span> <span class='ocrx_word' id='word_1_260' title='bbox 1247 3855 1309 3920; x_wconf 82' lang='grc'>4,4</span> 
     </span>
     <span class='ocr_line' id='line_1_32' title="bbox 165 3939 815 3996; baseline -0.002 -2"><span class='ocrx_word' id='word_1_261' title='bbox 165 3942 197 3996; x_wconf 85' lang='grc'>19</span> <span class='ocrx_word' id='word_1_262' title='bbox 215 3941 316 3995; x_wconf 87' lang='lat' dir='ltr'>Psahn.</span> <span class='ocrx_word' id='word_1_263' title='bbox 334 3940 411 3994; x_wconf 87' lang='lat' dir='ltr'>LXII</span> <span class='ocrx_word' id='word_1_264' title='bbox 430 3941 447 3993; x_wconf 89' lang='lat'><strong>6</strong></span> <span class='ocrx_word' id='word_1_265' title='bbox 502 3941 533 3993; x_wconf 84' lang='lat'>21</span> <span class='ocrx_word' id='word_1_266' title='bbox 554 3939 653 3993; x_wconf 90' lang='lat' dir='ltr'>Psalm.</span> <span class='ocrx_word' id='word_1_267' title='bbox 674 3939 780 3993; x_wconf 81' lang='lat' dir='ltr'>xvrlfl</span> <span class='ocrx_word' id='word_1_268' title='bbox 799 3943 815 3993; x_wconf 92' lang='grc'><strong>4</strong></span> 
     </span>
    </p>
   </div>
   <div class='ocr_carea' id='block_1_4' title="bbox 163 4069 1312 4418">
    <p class='ocr_par' dir='ltr' id='par_1_4' title="bbox 163 4069 1312 4418">
     <span class='ocr_line' id='line_1_33' title="bbox 199 4069 1310 4156; baseline 0.002 -20"><span class='ocrx_word' id='word_1_269' title='bbox 199 4085 213 4136; x_wconf 97' lang='grc'><strong>1</strong></span> <span class='ocrx_word' id='word_1_270' title='bbox 233 4083 365 4152; x_wconf 83' lang='lat' dir='ltr'>religauit</span> <span class='ocrx_word' id='word_1_271' title='bbox 382 4081 426 4136; x_wconf 80' lang='grc' dir='ltr'>Μ’</span> <span class='ocrx_word' id='word_1_272' title='bbox 447 4086 478 4147; x_wconf 82' lang='lat' dir='ltr'>(a.</span> <span class='ocrx_word' id='word_1_273' title='bbox 499 4083 568 4150; x_wconf 78' lang='lat' dir='ltr'>ipr.</span> <span class='ocrx_word' id='word_1_274' title='bbox 587 4086 657 4146; x_wconf 85' lang='lat' dir='ltr'>raa.)</span> <span class='ocrx_word' id='word_1_275' title='bbox 679 4082 776 4135; x_wconf 72' lang='lat' dir='ltr'><strong><em>AA‘P‘</em></strong></span> <span class='ocrx_word' id='word_1_276' title='bbox 797 4088 820 4136; x_wconf 84' lang='lat' dir='ltr'>ct</span> <span class='ocrx_word' id='word_1_277' title='bbox 839 4085 886 4135; x_wconf 76' lang='lat' dir='ltr'>und</span> <span class='ocrx_word' id='word_1_278' title='bbox 905 4081 927 4135; x_wconf 82' lang='lat' dir='ltr'><em>S</em></span> <span class='ocrx_word' id='word_1_279' title='bbox 981 4082 996 4133; x_wconf 83' lang='lat'>7</span> <span class='ocrx_word' id='word_1_280' title='bbox 1015 4069 1058 4136; x_wconf 65' lang='lat' dir='ltr'>fisa</span> <span class='ocrx_word' id='word_1_281' title='bbox 1073 4083 1143 4136; x_wconf 84' lang='lat' dir='ltr'>BM¹</span> <span class='ocrx_word' id='word_1_282' title='bbox 1158 4069 1239 4156; x_wconf 59' lang='lat' dir='ltr'>prpe</span> <span class='ocrx_word' id='word_1_283' title='bbox 1254 4091 1310 4148; x_wconf 81' lang='lat' dir='ltr'>cet,</span> 
     </span>
     <span class='ocr_line' id='line_1_34' title="bbox 163 4158 1310 4242; baseline -0.003 -14"><span class='ocrx_word' id='word_1_284' title='bbox 163 4175 220 4228; x_wconf 75' lang='lat' dir='ltr'>nisi</span> <span class='ocrx_word' id='word_1_285' title='bbox 232 4175 310 4242; x_wconf 85' lang='lat' dir='ltr'>sorte</span> <span class='ocrx_word' id='word_1_286' title='bbox 329 4170 454 4226; x_wconf 81' lang='lat' dir='ltr'>Christus</span> <span class='ocrx_word' id='word_1_287' title='bbox 473 4171 618 4224; x_wconf 77' lang='lat' dir='ltr'>delendum</span> <span class='ocrx_word' id='word_1_288' title='bbox 636 4175 676 4223; x_wconf 82' lang='lat' dir='ltr'>est</span> <span class='ocrx_word' id='word_1_289' title='bbox 729 4170 746 4223; x_wconf 82' lang='lat'>8</span> <span class='ocrx_word' id='word_1_290' title='bbox 766 4170 800 4223; x_wconf 88' lang='lat' dir='ltr'>ad</span> <span class='ocrx_word' id='word_1_291' title='bbox 819 4158 881 4225; x_wconf 63' lang='lat' dir='ltr'>ihm</span> <span class='ocrx_word' id='word_1_292' title='bbox 895 4171 921 4223; x_wconf 90' lang='lat' dir='ltr'><em>B</em></span> <span class='ocrx_word' id='word_1_293' title='bbox 981 4173 1076 4240; x_wconf 75' lang='lat' dir='ltr'>tipost</span> <span class='ocrx_word' id='word_1_294' title='bbox 1094 4171 1225 4226; x_wconf 88' lang='lat' dir='ltr'>bonorum</span> <span class='ocrx_word' id='word_1_295' title='bbox 1246 4171 1310 4225; x_wconf 80' lang='lat' dir='ltr'>cdd.</span> 
     </span>
     <span class='ocr_line' id='line_1_35' title="bbox 165 4245 1312 4330; baseline -0.002 -14"><span class='ocrx_word' id='word_1_296' title='bbox 165 4264 284 4316; x_wconf 87' lang='lat' dir='ltr'>omnium</span> <span class='ocrx_word' id='word_1_297' title='bbox 298 4261 334 4325; x_wconf 89' lang='lat' dir='ltr'>B,</span> <span class='ocrx_word' id='word_1_298' title='bbox 344 4265 411 4328; x_wconf 77' lang='lat' dir='ltr'>pest</span> <span class='ocrx_word' id='word_1_299' title='bbox 428 4277 548 4314; x_wconf 85' lang='lat' dir='ltr'>meorum</span> <span class='ocrx_word' id='word_1_300' title='bbox 569 4260 634 4314; x_wconf 81' lang='lat' dir='ltr'>add.</span> <span class='ocrx_word' id='word_1_301' title='bbox 655 4245 706 4312; x_wconf 71' lang='lat' dir='ltr'>dne</span> <span class='ocrx_word' id='word_1_302' title='bbox 725 4261 752 4312; x_wconf 91' lang='lat' dir='ltr'><strong><em>P</em></strong></span> <span class='ocrx_word' id='word_1_303' title='bbox 769 4260 883 4314; x_wconf 78' lang='lat' dir='ltr'>Monac.</span> <span class='ocrx_word' id='word_1_304' title='bbox 904 4263 986 4313; x_wconf 78' lang='grc'><strong>2549</strong></span> <span class='ocrx_word' id='word_1_305' title='bbox 1004 4264 1028 4312; x_wconf 85' lang='lat' dir='ltr'>et</span> <span class='ocrx_word' id='word_1_306' title='bbox 1047 4263 1144 4313; x_wconf 83' lang='grc'><strong>14399</strong></span> <span class='ocrx_word' id='word_1_307' title='bbox 1189 4263 1219 4313; x_wconf 93' lang='grc'>14</span> <span class='ocrx_word' id='word_1_308' title='bbox 1241 4261 1312 4330; x_wconf 92' lang='lat' dir='ltr'>quod</span> 
     </span>
     <span class='ocr_line' id='line_1_36' title="bbox 166 4349 573 4418; baseline -0.015 -11"><span class='ocrx_word' id='word_1_309' title='bbox 166 4358 227 4418; x_wconf 87' lang='lat' dir='ltr'>(om.</span> <span class='ocrx_word' id='word_1_310' title='bbox 248 4350 348 4404; x_wconf 88' lang='lat' dir='ltr'>sustuli</span> <span class='ocrx_word' id='word_1_311' title='bbox 367 4349 450 4403; x_wconf 83' lang='lat' dir='ltr'>reddo</span> <span class='ocrx_word' id='word_1_312' title='bbox 470 4349 526 4418; x_wconf 91' lang='lat' dir='ltr'>qui)</span> <span class='ocrx_word' id='word_1_313' title='bbox 545 4349 573 4400; x_wconf 90' lang='lat' dir='ltr'><em>B</em></span> 
     </span>
    </p>
   </div>
   <div class='ocr_carea' id='block_1_5' title="bbox 0 0 1578 4967">
    <p class='ocr_par' dir='ltr' id='par_1_5' title="bbox 0 0 1578 4967">
     <span class='ocr_line' id='line_1_37' title="bbox 0 0 1578 4967; baseline 0 0"><span class='ocrx_word' id='word_1_314' title='bbox 0 0 1578 4967; x_wconf 95' lang='lat' dir='ltr'> </span> 
     </span>
    </p>
   </div>
  </div>
 </body>
</html>
