3142 4967
363 426 510 479 Erameron
529 424 572 477 111
592 425 633 485 10,
651 426 763 507 44-461
796 424 873 492 (149
892 424 985 479 Ε-δθ
1003 424 1045 491 Ε).
1245 428 1287 491 89

71 620 106 683 45
187 622 246 686 Est
273 622 306 685 et
332 620 440 695 homo,
469 619 524 701 qui
553 618 688 683 seminat
715 618 861 695 uerbum,
890 617 1014 700 dequo
1040 618 1287 700 scriptumest:

147 726 210 811 qni
239 725 411 791 seminat
438 726 605 790 uerbum
629 723 814 789 seminat.
839 724 890 788 hic
914 725 1010 789 homo
1034 725 1170 789 uerbum
1194 725 1288 789 semi-

144 834 230 901 nauit
245 852 341 917 super
355 836 481 911 terram,
502 832 625 915 quando
645 830 741 897 dixit:
761 832 962 915 germinet
979 834 1089 897 terra
1107 831 1289 897 herbam:

145 946 176 1007 et
188 940 293 1007 subito
309 942 462 1005 terrarum
479 938 620 1023 germina
632 937 833 1021 pullularunt
847 941 880 1002 et
894 937 1037 1003 diuersae
1052 957 1157 1003 rerum
1167 940 1289 1023 species
1329 975 1332 979 -

116 1049 343 1114 srefnlserunt.
373 1046 447 1111 hinc
474 1048 637 1129 pratorum
664 1045 770 1109 uirens
801 1046 902 1129 gratia
929 1044 1154 1109 abundantiam
1180 1045 1290 1129 pabuli

145 1153 350 1233 ministrarit,
374 1153 446 1219 inde
469 1170 653 1235 camporum
678 1152 766 1235 spica
789 1152 965 1216 flauescens
988 1152 1161 1236 imaginem
1184 1152 1291 1236 pelagi

145 1260 328 1327 fluctuantis
366 1258 578 1325 commotione
616 1256 736 1341 segetis
774 1256 929 1323 uberioris
971 1258 1136 1340 expressit.
1178 1261 1291 1341 sponte

146 1368 244 1433 omnis
268 1366 393 1432 fructus
416 1369 500 1430 terra
522 1364 698 1449 suggessit.
722 1363 783 1429 etsi
808 1367 895 1427 arata
912 1364 980 1427 sine
998 1364 1119 1429 cultore
1138 1382 1209 1429 esse
1228 1383 1290 1429 non
1314 1376 1334 1431 c

144 1476 264 1557 poterat
292 1510 336 1519 —
363 1472 503 1537 nondum
533 1471 615 1535 enim
645 1472 711 1535 erat
737 1469 894 1536 formatus
923 1470 1064 1553 agricola
1086 1508 1140 1547 -,
1168 1470 1290 1536 inarata

106 1602 128 1640 ιο
144 1586 246 1646 tamen
271 1580 388 1663 opimis
412 1578 572 1643 messibus
595 1576 793 1643 redundabat
817 1580 850 1641 et
871 1576 951 1641 haut
974 1576 1085 1642 dubito
1109 1597 1147 1641 an
1170 1578 1290 1643 maiore

144 1696 309 1771 prouentu,
344 1684 502 1769 siquidem
535 1703 592 1749 nec
621 1684 753 1749 cultoris
783 1682 906 1748 desidia
932 1687 1088 1749 terrarum
1115 1684 1290 1749 destituere

144 1796 267 1877 poterat
290 1793 479 1859 ubertatem.
504 1810 586 1857 nnnc
610 1790 692 1855 enim
711 1791 891 1857 fecunditas
911 1792 1083 1873 unicuique
1101 1810 1158 1873 pro
1176 1792 1289 1857 merito

143 1900 258 1965 laboris
278 1898 466 1983 adquiritur,
486 1898 542 1963 ubi
561 1898 667 1963 cultus
688 1900 852 1981 spectatur
870 1916 1028 1981 agrorum,
1044 1904 1077 1963 et
1088 1898 1289 1982 neglegentia

145 2006 195 2071 uel
223 2006 343 2071 offensa
371 2008 427 2070 aut
454 2004 585 2069 diluuiis
613 2004 795 2087 pluuiarum
824 2007 880 2069 aut
905 2008 1060 2071 terrarum
1088 2004 1290 2069 ariditatibus

108 2142 128 2181 u
144 2119 197 2178 aut
224 2112 387 2197 grandinis
414 2112 502 2177 iactu
531 2114 589 2175 aut
610 2130 810 2194 quacumque
834 2131 870 2176 er
894 2130 991 2176 eausa
1014 2111 1075 2175 soli
1097 2112 1204 2176 uberis
1228 2114 1289 2175 ste·
1308 2124 1332 2177 Ι)

144 2220 259 2284 rilitate
288 2218 452 2285 multatur.
481 2221 559 2283 tunc
587 2220 693 2282 autem
720 2198 877 2301 prouentu
906 2221 1078 2301 spontaneo
1102 2221 1185 2282 terra
1207 2218 1289 2281 fruo-

144 2330 194 2391 tus
230 2325 313 2391 locis
351 2324 498 2390 omnibus
534 2324 718 2402 inuehebat,
756 2324 906 2407 quoniam
942 2325 971 2389 is
1001 2326 1204 2407 praeceperat
1234 2323 1290 2407 qui

144 2433 363 2499 uniuersorum
393 2434 442 2497 est
468 2430 644 2514 plenitudo.
674 2431 809 2496 uerbum
837 2432 921 2497 eninr
949 2430 1000 2497 dei
1023 2430 1235 2495 fructificabat
1257 2430 1289 2493 in

145 2539 244 2620 terrie,
270 2557 328 2603 neo
348 2538 415 2603 ullo
435 2538 538 2603 adhuc
558 2541 624 2603 erat
643 2540 727 2603 terra
745 2537 894 2603 damnata
911 2537 1091 2603 maledicto.
1111 2536 1290 2619 antiquiora

105 2670 127 2708 so
144 2645 223 2711 enim
251 2644 363 2709 mundi
391 2644 551 2711 nascentis
579 2643 704 2710 exordia
731 2663 826 2727 quam
854 2648 962 2709 nostra
988 2647 1119 2727 peccata
1150 2647 1226 2708 sunt
1258 2645 1290 2707 et

142 2752 294 2817 recentior
321 2751 424 2835 culpa,
453 2753 581 2835 propter
609 2770 703 2833 quarn
731 2751 932 2817 condemnati
966 2770 1078 2817 sumus
1109 2750 1141 2815 in
1174 2750 1289 2815 sudore

143 2858 251 2924 uultus
275 2858 377 2923 nostri
399 2877 511 2941 panem
534 2858 735 2937 manducare,
761 2858 827 2923 sine
852 2858 967 2924 sudore
986 2858 1137 2923 alimenta
1154 2856 1287 2921 nescire.
1311 2870 1333 2925 Ε

69 2956 104 3017 46
144 2963 276 3047 denique
327 2961 484 3046 hodieque
534 2962 712 3029 fecunditas
759 2967 860 3029 terrae
906 2967 1048 3029 ueterem
1093 2962 1289 3029 affluentium

144 3073 334 3152 spontaneae
362 3088 423 3135 usu
452 3070 629 3135 fertilitatis
658 3074 816 3153 operatur.
845 3090 940 3153 quam
969 3071 1072 3136 multa
1102 3073 1178 3135 sunt
1205 3070 1288 3135 enim

106 3202 128 3239 a
145 3196 220 3259 quae
249 3177 354 3242 adhuc
384 3178 497 3260 sponte
527 3180 726 3261 generantur.
755 3177 811 3241 sed
841 3176 937 3241 etiam
966 3176 997 3241 in
1026 3177 1076 3241 his
1103 3176 1184 3261 ipsis
1208 3194 1288 3259 quae

144 3302 234 3348 manu
264 3286 459 3367 quaeruntur
486 3300 603 3367 magna
626 3302 662 3348 er
684 3286 772 3366 parte
797 3287 927 3348 manent
948 3283 1040 3349 nobis
1065 3283 1174 3347 diuina
1196 3283 1289 3347 bene-

144 3388 222 3468 ficia,
249 3392 289 3454 nt
315 3389 472 3454 frumenta
500 3388 570 3473 ipsa
598 3390 837 3473 quiescentibus
860 3389 1043 3454 inferantur.
1070 3389 1154 3473 quod
1176 3408 1288 3473 propo·

146 3495 221 3561 sitae
249 3496 343 3561 docet
370 3494 517 3561 lectionis
546 3498 723 3578 exemplum
753 3496 877 3561 dicente
906 3496 1032 3561 domino
1062 3496 1136 3580 quia
1165 3496 1211 3561 sic
1240 3505 1289 3560 est

230 3686 346 3741 2Marc.
366 3687 393 3750 4,
415 3688 448 3741 14
575 3686 608 3741 18
627 3686 689 3741 Bas.
712 3687 761 3742 105
782 3687 806 3740 A
825 3688 871 3754 (44
890 3686 948 3752 cb)
1058 3688 1091 3740 21
1118 3686 1183 3742 Gen.
1208 3688 1233 3751 3,
1255 3691 1288 3743 19

145 3774 177 3829 28
195 3777 276 3832 Marc.
296 3778 322 3839 4,
341 3776 448 3830 ‘le-29
468 3776 530 3831 Bas.
553 3777 603 3831 104
622 3776 643 3832 C
663 3776 709 3847 (44
728 3776 784 3843 BC)

181 3901 235 3954 let
248 3898 339 3963 ocull
406 3899 603 3955 estimant*
651 3902 781 3955 tlterram
796 3901 937 3967 att-Um
951 3900 1075 3966 delam)
1128 3900 1161 3955 10
1176 3900 1287 3971 optimis

149 3986 227 4042 e'cV
279 3989 311 4043 17
331 3990 354 4042 ia
374 3988 397 4043 S
414 3989 457 4043 his
476 3988 504 4059 (h
524 3990 586 4056 del.)
608 3988 720 4047 Gaura
737 3996 784 4044 cet.
858 3990 1027 4060 praeciperet
1047 3988 1070 4043 0
1088 3990 1168 4056 (corr.
1187 3991 1246 4059 ηι3)
1262 3989 1287 4044 G

149 4076 224 4141 (con.
242 4080 299 4143 m2)
373 4078 408 4131 23
428 4078 584 4133 afluentiam
605 4077 628 4133 0
646 4083 725 4144 (corr.
745 4084 803 4144 m3)
820 4078 848 4133 B
866 4080 946 4146 (corr.
961 4080 1017 4147 m2)
1032 4077 1155 4134 Pruna
1174 4078 1287 4133 affluen-

147 4164 199 4218 tiae
216 4164 275 4221 Ma
341 4167 375 4220 ft
395 4172 559 4236 spontaneae
578 4165 602 4219 Π
621 4172 647 4222 et
664 4168 742 4222 mra
761 4170 911 4238 spontaneo
925 4168 953 4221 B
971 4171 1019 4221 m2
1037 4172 1084 4221 oct.
1158 4182 1236 4221 usum
1250 4167 1286 4221 N

149 4255 184 4318 (m
208 4270 276 4309 erac.
302 4255 334 4313 ft)
450 4254 621 4311 fertilitatem
646 4257 683 4311 M
694 4260 741 4311 m2
849 4257 884 4310 27
915 4255 1117 4325 quiescentibus
1148 4255 1171 4309 0
1198 4256 1218 4323 (i
1241 4272 1286 4325 pr.

149 4339 177 4393 ἐπ
193 4348 259 4408 raa.)
