3142 4967
245 491 309 553 484
717 489 915 544 Ambrosii

243 682 424 747 Zacchaeus
439 682 511 747 ideo
526 682 652 747 ueniam
667 684 793 761 meruit,
810 686 959 767 quianon
976 686 1080 751 solum
1101 706 1134 751 se
1153 688 1389 764 restitutumm,
1564 764 1565 775 ρ

243 790 300 853 sed
322 789 535 872 quadruplum
554 789 701 873 promisit
719 791 835 872 quibus
855 792 962 875 aliqua
981 793 1177 871 sustulisset,
1195 795 1389 879 pauperibus
1454 808 1478 861 Ε
1564 794 1565 825 i

243 915 369 979 quoque
384 896 594 963 ,medietatem
619 897 670 961 sui
691 897 875 979 patrimonii
898 898 1098 965 donaturum.

156 1004 219 1066 103
288 1003 532 1069 Consideremus
556 1004 651 1068 etiam
675 1003 862 1087 diligentius
886 1004 963 1087 quid
987 1006 1030 1069 sit
1053 1005 1138 1089 quod
1165 1007 1223 1071 uit:
1255 1026 1388 1072 arcum

242 1129 369 1174 meum
399 1129 540 1192 ponam
573 1110 611 1174 in
643 1110 748 1189 nube,
780 1118 819 1175 et
849 1110 928 1175 erit
958 1112 1117 1196 signum
1145 1116 1390 1181 testamenti
1421 1140 1435 1181 s

244 1218 401 1282 aeterni
424 1218 533 1282 inter
556 1236 612 1281 me
636 1221 675 1283 et
699 1220 859 1283 terram.
892 1221 931 1283 et
961 1219 1042 1283 erit
1072 1238 1158 1285 curn
1188 1221 1390 1287 innubile-

242 1344 337 1389 nero
369 1325 496 1389 nubes
527 1344 650 1406 snper
678 1327 838 1405 terram,
869 1325 1033 1408 parebit
1064 1346 1181 1393 arcus
1209 1347 1319 1393 meus
1349 1330 1388 1393 in

242 1434 355 1509 nrrbe,
380 1435 419 1497 et
446 1452 594 1496 memor
624 1452 687 1497 ero
717 1433 962 1497 testamenti
985 1434 1078 1497 mei.
1112 1434 1280 1499 nonenim
1305 1436 1391 1501 sicut

240 1540 383 1623 plerique
412 1538 611 1616 arbitrantur,
640 1556 748 1603 arcum
775 1537 875 1603 istum
904 1537 982 1603 dicit
1009 1558 1102 1622 quem
1133 1540 1223 1605 aiunt
1245 1542 1389 1607 homines

241 1666 322 1720 esse,
347 1664 409 1727 qno
432 1644 615 1728 pluuiamm
638 1644 730 1728 signa
753 1644 860 1726 aliqua
884 1644 1091 1722 declarentur,
1115 1646 1147 1710 in
1176 1667 1237 1729 quo
1267 1650 1387 1713 colores
1409 1676 1436 1715 10

241 1752 359 1817 diuersi
377 1754 541 1833 tamquam
559 1749 718 1815 radiorum
738 1748 816 1814 solis
836 1768 919 1815 nunc
937 1751 1147 1831 rutilantium,
1166 1771 1251 1819 nunc
1269 1754 1388 1819 lumine
1455 1762 1481 1815 F
1564 1795 1565 1816 ,

242 1858 372 1923 clariore
385 1858 562 1922 lucentium
576 1855 762 1941 figurantur,
778 1856 862 1920 unde
878 1859 911 1920 et
928 1856 1038 1939 pluuia
1055 1857 1163 1922 future
1181 1859 1388 1943 significatur,

242 1986 277 2031 eo
315 1964 400 2048 quod
436 1963 649 2029 inconstantia
685 1962 840 2045 quaedam
879 1964 1058 2028 serenitatis
1100 1966 1293 2031 uersicolora
1333 1969 1390 2033 illa

241 2072 348 2156 specie
372 2072 614 2136 demonstretur.
647 2086 756 2133 arcum
780 2069 865 2133 huno
888 2070 960 2134 irim
985 2071 1113 2152 quidem
1136 2074 1308 2156 appellant,
1334 2076 1390 2140 sed

241 2178 325 2243 absit
351 2182 389 2243 ut
416 2177 500 2242 hunc
528 2197 636 2241 arcum
666 2176 717 2240 dei
745 2195 816 2240 esse
841 2176 998 2255 dicamus;
1023 2178 1075 2243 hio
1100 2180 1181 2243 enim
1206 2199 1310 2261 arcus,
1334 2182 1389 2265 qui
1410 2208 1437 2247 1⁵

239 2285 295 2350 iris
320 2285 446 2355 dicitur,
469 2304 525 2367 per
547 2283 631 2348 diem
656 2282 756 2347 uideri
785 2284 878 2361 solet,
908 2286 1000 2348 nocte
1029 2302 1089 2349 non
1118 2290 1257 2369 apparet.
1292 2289 1387 2353 etiam

239 2411 295 2475 per·
311 2392 419 2475 ipsum
438 2392 532 2468 diem,
552 2391 580 2454 si
600 2390 758 2455 obductus
783 2410 837 2455 aer
859 2390 970 2454 taetris
994 2389 1133 2457 nubibus
1156 2392 1263 2474 fuerit,
1283 2414 1322 2459 ne
1342 2396 1388 2460 sic

240 2499 370 2583 quidem
396 2498 534 2577 uidetur,
562 2497 594 2561 ni
620 2497 702 2561 forte
731 2515 804 2562 oum
832 2496 994 2580 grauiores
1027 2499 1128 2565 nubes
1161 2518 1195 2564 se
1228 2502 1390 2582 coeperint

149 2605 213 2675 104
236 2606 383 2671 relaxare.
408 2624 482 2690 ergo
506 2605 674 2669 uideamus
693 2624 743 2683 ue,
763 2604 837 2686 quia
857 2623 959 2682 arcun,
981 2625 1042 2688 quo
1063 2606 1199 2690 sagittae
1218 2606 1387 2687 iaciuntur,

235 2732 318 2777 nuno
342 2713 493 2788 tenditur,
512 2731 597 2776 nunc
614 2711 800 2787 resoluitur,
820 2711 976 2793 quandem
997 2714 1210 2779 extensionem
1229 2717 1263 2778 et
1279 2714 1389 2780 remis·
1408 2742 1438 2781 ac

236 2818 357 2884 sionem
381 2819 528 2883 uideatur
550 2818 708 2902 scriptura
734 2816 925 2900 significare,
949 2838 1119 2901 perquam
1138 2838 1239 2902 neque
1258 2822 1386 2905 penitus
1434 2830 1528 2885 27οΔ

234 2946 291 3008 per
312 2926 443 2990 nimiam
468 2925 681 2990 extensionem
704 2923 855 2988 uniuersa
878 2929 1075 3008 rumpuntur,
1096 2925 1153 2990 sed
1171 2927 1214 2990 sit
1232 2928 1386 3009 quaedam

235 3052 385 3097 mensure
408 3037 440 3097 et
462 3032 620 3115 quoddam
644 3030 771 3095 diuinae
795 3032 926 3099 uirtutis
952 3051 1090 3098 examen.
1116 3037 1166 3098 est
1188 3052 1263 3117 ergo
1282 3035 1387 3101 uirtus

234 3140 410 3205 inuisibilis
433 3139 493 3216 dei,
518 3158 598 3220 quae
622 3142 654 3202 et
673 3137 778 3221 speeie
797 3137 892 3201 istius
912 3158 1003 3202 arcus
1024 3139 1211 3204 extendendi
1230 3144 1263 3206 et
1280 3142 1387 3206 remit

234 3246 323 3310 tendi
351 3245 533 3309 moderatur
559 3265 614 3327 pro
643 3244 752 3309 diuina
779 3245 945 3309 uoluntate
973 3244 1191 3312 misericordie
1212 3250 1385 3328 potestate,
1405 3278 1431 3318 2⁵

235 3372 315 3436 quae
343 3371 445 3435 neque
474 3352 580 3416 omnia
607 3349 757 3415 confundi
785 3349 883 3413 nimia
910 3350 1069 3415 solutione
1097 3372 1198 3435 neque
1231 3352 1386 3437 disrumpi

234 3460 332 3524 nimia
357 3459 539 3541 inmptione
567 3457 715 3541 patiatur.
750 3475 844 3539 quem
873 3456 942 3521 ideo
971 3458 1003 3519 in
1031 3457 1170 3523 nubibus
1198 3457 1278 3523 dicit
1299 3461 1384 3542 poni,

234 3568 309 3649 quia
326 3571 402 3631 tunc
420 3566 557 3630 maxime
576 3583 656 3647 opus
676 3567 725 3627 est
741 3564 866 3627 diuinae
882 3564 997 3627 auxilio
1013 3564 1242 3646 prouidentiae,
1259 3566 1383 3647 quando

235 3675 361 3758 agmina
379 3676 512 3739 nubium
531 3673 563 3736 in
582 3672 737 3756 procellas
761 3673 1033 3753 tempestatesque
1057 3674 1224 3755 coguntur.
1247 3672 1382 3755 ideoque
1447 3688 1472 3743 Β

235 3782 326 3847 dicit:
347 3802 482 3848 arcum
501 3800 624 3847 meum
644 3797 786 3863 ponam
806 3779 844 3843 in
864 3778 976 3855 nube,
992 3798 1054 3842 non
1069 3778 1230 3862 ‘sagittam
1246 3786 1381 3863 ponam'.
1400 3810 1427 3851 so

325 3943 337 3994 l
358 3942 423 3995 Luc.
444 3942 485 4004 19,
504 3940 521 3993 8
576 3942 594 3995 4
613 3938 679 3993 Gen.
700 3939 726 4005 9,
747 3936 852 3991 13—16
871 3934 952 3988 Philo
973 3932 1084 3999 Quaest.
1104 3932 1186 3989 1164

271 4066 419 4120 lnacheus
438 4062 560 4116 PDNM
575 4063 706 4116 zachaeus
724 4066 772 4114 cet.
853 4074 881 4111 se
900 4074 921 4111 a.
940 4074 967 4111 u.
987 4061 1035 4110 ne2
1053 4058 1079 4110 P
1153 4058 1313 4113 restiturum
1331 4058 1383 4113 ΒΟ

234 4163 259 4210 et
277 4172 345 4210 corr.
363 4152 540 4208 Prnammr
607 4148 746 4218 2aliquid
765 4148 793 4200 B
866 4146 1065 4211 ttpstamenti
1084 4146 1112 4199 P
1175 4148 1208 4199 14
1228 4147 1337 4217 qnidam
1355 4148 1382 4201 P

235 4249 263 4313 (q
282 4261 315 4299 ea
334 4248 359 4308 a)
469 4245 569 4295 uocant
590 4239 649 4294 CM
737 4238 769 4290 16
789 4237 964 4307 pernoctem
982 4234 1074 4287 DUM
1163 4235 1195 4289 17
1214 4237 1295 4290 tetris
1316 4237 1379 4291 liora·

235 4334 267 4387 18
287 4332 427 4401 coeperint
445 4348 473 4385 se
488 4332 516 4383 B
562 4330 595 4384 19
609 4344 677 4397 *quo
691 4327 719 4379 P
762 4327 797 4379 27
817 4326 939 4395 patiatur
947 4328 1014 4392 post
1027 4322 1164 4379 solutione
1179 4327 1338 4393 transponit
1350 4324 1382 4379 N

234 4422 267 4475 ‘28
288 4419 397 4474 diuinae
416 4423 459 4473 est
477 4420 508 4472 N
