3142 4967
451 447 493 501 De
512 446 571 501 Noc
591 450 616 509 6,
637 448 671 501 14
709 447 733 513 (Ι
751 447 804 501 233
822 444 937 501 Δ-234
955 446 998 513 Α).
1242 447 1308 511 423

157 644 265 709 naliter
293 643 375 708 enim
405 643 527 708 dictum
554 643 689 707 arbitror
716 660 752 707 eo
780 642 866 726 quod
895 662 986 707 omne
1016 662 1130 726 corpus
1164 646 1309 707 nostrum

160 751 321 816 edtortum
354 753 404 815 est
435 750 520 815 sicut
552 750 657 825 nidus,
689 753 728 813 nt
760 749 892 831 spirltus
925 750 1034 815 uitalis
1069 749 1170 815 omnis
1203 754 1309 832 partes

158 858 319 923 uiscerum
351 860 494 940 penetret
526 860 621 940 atque
656 855 695 921 de
722 856 889 940 principali
917 861 1024 922 nostro
1052 856 1164 921 fundat
1192 876 1226 921 se
1254 875 1310 940 per

161 970 246 1029 anns
269 964 426 1047 singulos.
449 963 516 1027 nidi
540 962 670 1045 qnidam
694 966 770 1028 sunt
791 964 876 1029 oculi
895 964 1006 1041 nostri,
1026 964 1142 1047 quibus
1163 982 1197 1029 se
1216 968 1309 1028 uisus

131 1071 281 1135 cluserit.
304 1069 370 1134 nidi
390 1072 466 1133 sunt
483 1070 664 1133 nostrarum
683 1068 774 1133 sinus
799 1068 933 1145 aurium,
953 1089 1009 1152 per
1027 1089 1106 1152 quos
1126 1089 1160 1134 se
1180 1070 1309 1134 auditus

160 1178 300 1243 iufundit
327 1182 360 1241 et
386 1176 478 1239 uelut
504 1174 537 1239 in
564 1176 691 1241 foueam
719 1175 817 1240 altam
845 1175 951 1241 deicit.
980 1177 1074 1243 nidus
1103 1180 1153 1243 est
1175 1178 1308 1255 narium,

161 1285 215 1369 qui
240 1285 279 1349 ad
306 1304 340 1349 se
370 1282 497 1349 odorem
527 1280 676 1347 adtrahit.
706 1283 800 1348 nidus
829 1288 879 1348 est
907 1288 1038 1366 quartus
1067 1284 1167 1349 nraior
1194 1283 1309 1349 ceteris
1337 1291 1358 1344 Ε

159 1394 267 1457 hiatus
297 1391 370 1470 oris,
399 1390 429 1455 in
459 1409 521 1473 quo
550 1389 689 1453 nutritur
716 1389 817 1455 donec
845 1391 1009 1457 adolescat
1038 1411 1132 1475 sapor
1164 1394 1196 1457 et
1227 1392 1310 1457 unde

160 1520 222 1565 uox
251 1501 368 1574 annelat,
396 1497 427 1561 in
459 1516 521 1580 quo
549 1498 628 1561 latet
655 1498 775 1581 lingua,
805 1516 885 1579 quae
914 1498 1006 1563 uelut
1033 1518 1186 1583 organum
1219 1500 1309 1566 nocis

120 1629 142 1666 ιο
160 1626 257 1671 sonos
285 1607 355 1671 eius
378 1605 492 1671 artifici
515 1606 675 1670 suauitate
702 1604 886 1671 modulatur
909 1610 950 1683 et,
975 1624 1047 1669 cum
1072 1606 1116 1671 sit
1137 1606 1208 1690 ipsa
1229 1608 1311 1671 inra-

160 1714 334 1785 tionabilis,
370 1712 591 1777 rationabilem
627 1731 737 1777 uocem
776 1712 932 1795 exprimit.
970 1713 1063 1778 nidus
1101 1717 1151 1778 est
1182 1715 1311 1779 emicra-

162 1822 261 1896 nium‚
285 1820 379 1885 nidus
404 1824 454 1885 est
475 1819 659 1884 membrana
681 1820 747 1898 illa,
772 1839 852 1901 quae
877 1819 1040 1884 cerebrum
1064 1820 1152 1885 fouet
1175 1825 1207 1884 et
1228 1822 1312 1885 intra

162 1947 196 1994 se
230 1928 368 1993 cohibet.
406 1926 472 1991 nidi
505 1929 581 1991 sunt
612 1926 738 1992 uiscera
769 1926 930 2009 pulmonis
963 1930 995 1991 et
1027 1924 1142 1993 cordis.
1178 1928 1311 2011 spiritus

162 2036 291 2121 quidem
316 2035 426 2110 nostri,
449 2035 510 2099 hoc
535 2037 584 2097 est
607 2034 676 2098 eius
701 2054 795 2117 quem
820 2033 980 2115 carpimus
1004 2037 1121 2117 etque
1146 2034 1260 2099 alimur
1278 2036 1309 2099 iu

122 2162 144 2200 ιε
161 2144 222 2209 bac
244 2144 324 2214 uita.
351 2141 445 2205 nidus
469 2144 519 2205 est
539 2141 661 2223 pulmo,
686 2141 850 2224 sanguinis
875 2144 981 2205 autern
1006 2146 1037 2206 et
1061 2140 1194 2224 spiritus
1218 2142 1311 2207 nidus
1340 2142 1362 2199 F

163 2256 213 2315 est
236 2269 300 2315 cor.
324 2248 387 2313 duo
411 2250 487 2312 sunt
509 2248 593 2312 enim
617 2248 686 2312 eius
710 2248 804 2325 uteri,
834 2267 916 2314 nnus
937 2267 999 2330 quo
1018 2249 1203 2332 sanguinem
1223 2249 1314 2314 uelut

164 2356 301 2441 quodam
320 2355 391 2420 sinu
411 2354 548 2436 suscipit
566 2356 600 2418 et
617 2355 812 2419 transfundit
828 2355 861 2419 iu
880 2374 988 2433 uenas,
1009 2355 1088 2420 alter
1108 2375 1169 2438 quo
1188 2354 1311 2439 rigatus

102 2544 106 2551 Ι
163 2484 199 2528 er
222 2464 279 2528 illo
305 2461 465 2547 superiore
489 2460 619 2526 deducit
641 2461 673 2525 in
698 2461 828 2525 arterias
852 2461 920 2545 iugi
944 2464 1060 2526 meatu.
1085 2480 1160 2526 ossa
1183 2480 1309 2544 quoque

163 2570 318 2636 ualidiora
350 2568 441 2633 nidos
474 2566 608 2641 habent;
642 2569 718 2631 sunt
749 2566 833 2630 enim
865 2567 952 2631 intus
982 2570 1104 2640 cauata,
1133 2567 1164 2630 in
1193 2566 1310 2648 quibus

122 2698 145 2735 so
163 2676 372 2741 foraminibus
400 2678 450 2739 est
477 2674 628 2738 medulla.
657 2674 688 2737 in
717 2672 895 2737 uisceribus
919 2672 998 2755 ipsis
1021 2673 1220 2737 mollioribus
1244 2672 1309 2738 nidi

162 2782 348 2865 cupiditatis
363 2785 419 2845 aut
434 2780 552 2845 doloris
571 2783 655 2844 sunt.
676 2780 789 2844 atalia
808 2778 834 2843 si
856 2780 926 2861 quis
947 2779 1133 2848 consideret.
1154 2783 1186 2843 et
1203 2781 1310 2861 plures

161 2889 252 2954 nidos
275 2888 434 2971 repperiet
456 2888 487 2951 in
512 2888 572 2951 hac
595 2887 714 2951 fabrica
737 2888 868 2951 humani
892 2886 1042 2969 corporis.
1070 2886 1152 2951 unde
1176 2892 1253 2969 puto
1278 2889 1311 2951 et

161 2998 253 3061 illum
285 2995 316 3059 iu
349 2995 471 3078 psalmo
504 3014 564 3059 non
599 2994 702 3059 solum
736 2995 882 3077 mystice,
917 2993 971 3058 sed
1000 2993 1094 3058 etiam
1124 2994 1311 3057 naturaliter

162 3104 295 3169 dixisse:
326 3103 464 3167 etenim
491 3120 624 3185 passer
651 3102 800 3165 inuenit
828 3101 901 3165 sibi
935 3100 1079 3165 demum
1115 3106 1151 3165 et
1181 3105 1309 3166 turtur

121 3230 145 3269 n
163 3210 291 3275 nidum
321 3210 410 3285 sibi,
434 3208 499 3273 ubi
527 3212 683 3291 reponat
709 3209 837 3291 pullos
866 3227 964 3273 suos.
1000 3214 1049 3273 est
1077 3209 1159 3273 enirn
1188 3208 1252 3273 iarn
1275 3208 1405 3272 incarn

162 3316 222 3380 boc
250 3334 380 3397 corpore
402 3314 497 3380 nidus
519 3314 704 3397 pudicitiae,
728 3315 760 3379 in
784 3333 847 3396 qno
873 3317 939 3378 erat
962 3314 1055 3379 nidus
1079 3314 1309 3380 inrationabilis

162 3421 448 3505 concupiscentiae.
474 3421 529 3485 sed
549 3420 605 3485 ubi
623 3424 695 3485 ante
715 3425 825 3503 partus
846 3420 1001 3485 deformes
1021 3421 1180 3485 nutriebat
1198 3420 1308 3497 libide,

250 3683 266 3736 2
288 3682 366 3753 Uerg.
386 3681 453 3738 Aen.
474 3682 511 3735 vl
531 3683 582 3738 726
637 3682 673 3735 24
690 3682 790 3735 Psalru.
811 3680 947 3735 LXXXIII
969 3685 986 3735 4

196 3826 212 3878 2
232 3840 325 3876 omnes
347 3820 438 3875 PNB
457 3828 482 3875 et
502 3828 527 3885 (e
546 3838 580 3875 aa
597 3822 617 3887 i)
637 3822 694 3875 PT
745 3824 762 3875 4
781 3822 904 3891 singulos
924 3826 999 3875 artus
1018 3823 1045 3875 B
1117 3820 1175 3875 nidi
1197 3821 1306 3891 quidam

160 3916 225 3966 sunt
242 3911 315 3965 oculi
333 3928 383 3967 ont.
399 3912 426 3964 P
442 3912 475 3963 in
492 3917 569 3965 textu
584 3912 625 3978 kin
637 3928 689 3980 my.
704 3915 747 3964 mi
764 3911 839 3964 nidi.
853 3953 857 3963 .
870 3954 875 3964 .
888 3912 986 3975 nostri;
1007 3912 1092 3965 nestri
1107 3912 1137 3963 in
1153 3917 1227 3965 tacto
1242 3912 1306 3973 del.)

161 4006 176 4053 5
194 4000 292 4055 inserit
310 4000 350 4054 cd.
369 4000 448 4055 Rosa.
467 4000 583 4053 inseruit
602 4000 668 4054 libri
759 4001 790 4053 ll
813 4000 986 4053 emicraniuru
1004 4000 1057 4053 Pa
1078 4001 1260 4069 emigraneum
1287 4000 1311 4053 T

161 4090 332 4144 enucraninm
351 4088 383 4143 N
437 4089 470 4143 13
489 4104 518 4141 εθ
541 4088 609 4151 TT',
629 4106 680 4143 om.
701 4094 747 4143 cet.
815 4089 847 4143 15
867 4090 937 4143 lianc
956 4089 1041 4142 uitam
1059 4090 1112 4142 PB
1182 4090 1306 4144 tannim

159 4196 210 4234 om.
229 4179 258 4232 B
332 4180 364 4231 17
384 4178 466 4247 rigat*
488 4177 519 4231 T'
540 4178 644 4247 rigatur
662 4179 689 4232 B
768 4180 799 4231 18
819 4178 950 4248 superiori
970 4178 1003 4231 N
1018 4179 1155 4247 superiore
1175 4180 1203 4231 et
1221 4178 1248 4231 P
1267 4181 1308 4236 let

160 4267 305 4335 amand)
326 4266 385 4319 ΓΒ
475 4266 509 4319 21
529 4270 558 4319 et
578 4267 627 4320 alt.
645 4266 680 4329 P,
699 4282 770 4319 eras.
795 4266 834 4329 T‘,
854 4283 905 4319 om.
929 4266 980 4319 ΤΒ
999 4267 1079 4321 ctiam
1100 4266 1142 4323 Ν,
1198 4266 1305 4319 arsilli

162 4356 268 4410 inuenit
286 4356 314 4409 B
369 4357 403 4410 25
422 4354 476 4408 sibi
495 4372 546 4409 om.
567 4356 593 4407 ll
649 4357 682 4408 Ἡ
701 4356 826 4409 nutribat
849 4355 873 4408 Τ
