3142 4967
341 476 382 527 De
403 475 469 528 Cain
490 480 519 528 et
537 475 606 528 Abel
626 475 638 528 I
658 477 683 540 6,
702 477 745 529 22.
766 478 800 531 23
840 477 863 542 (Ι
884 477 1129 547 1941—19511).
1244 481 1308 542 359

164 673 356 755 aperietur
385 671 497 735 uobis
526 675 558 735 et
584 671 678 735 infra:
709 671 830 735 omnis
860 689 948 755 ergo
979 672 1041 752 qui
1066 671 1172 734 audit
1195 673 1310 736 uerba

12 761 13 835 i
87 776 123 836 '23
162 798 241 842 mea
273 779 365 842 haec
399 781 436 841 et
465 777 560 841 iacit
587 796 629 841 ea
655 778 796 842 similis
826 781 883 843 est
911 778 993 841 uiro
1023 779 1198 860 sapienti.
1232 778 1308 844 liaeo
1338 783 1359 835 Ἐ

163 887 215 968 qui
240 885 386 950 studiose
409 884 506 949 inerit
527 888 717 968 prosecutus
741 885 898 966 primatus
922 885 1151 951 benedictionis
1176 885 1311 967 accipiet

163 995 247 1058 sicut
282 993 461 1074 patriarcha
491 991 597 1069 Iacob,
632 993 686 1074 qui
719 991 911 1056 continentia
944 995 976 1056 et
1007 991 1068 1056 fide
1101 993 1308 1057 humanarum

134 1099 383 1183 ssnpplantauit
414 1098 553 1182 uestigia
585 1099 781 1182 passionum.
819 1099 881 1163 iste
914 1099 972 1163 ait:
1010 1099 1309 1164 misericordiam

163 1207 233 1270 mei
270 1205 408 1269 hahuit
445 1205 546 1282 deus,
586 1208 623 1268 et
660 1210 749 1271 sunt
784 1206 877 1270 mihi
916 1205 1046 1271 omnia.
1083 1206 1165 1270 hano
1202 1206 1310 1288 itaque

162 1311 412 1377 misericordiam
435 1331 493 1376 uos
517 1312 588 1390 fide,
613 1313 721 1377 studio
746 1313 957 1396 operibusque
981 1331 1168 1390 mereamur,
1194 1313 1310 1394 quibus

163 1418 340 1502 disciplinis
367 1419 492 1483 inuenit
517 1419 654 1484 Istrahel
683 1419 816 1504 gratiam
846 1418 897 1483 dei
926 1422 958 1482 et
985 1439 1040 1502 per
1062 1418 1165 1502 ipsam
1189 1419 1308 1483 omnia:

12 1594 13 1611 ¹
163 1547 224 1591 non
253 1526 337 1590 enim
365 1526 476 1590 mundi
503 1527 599 1591 huius
628 1526 745 1609 copiae,
775 1527 831 1591 sed
857 1527 1013 1591 uirtutum
1038 1527 1222 1609 disciplinas
1248 1527 1308 1590 sihi

12 1674 13 1679 κ
122 1667 145 1703 10
163 1635 333 1715 suppetere
371 1634 540 1717 gaudebat.
578 1634 634 1697 has
664 1633 755 1699 nobis
790 1633 1024 1698 substituamus
1054 1633 1196 1712 heredes,
1231 1653 1308 1716 quas
1337 1645 1358 1698 1¹

164 1743 295 1804 sanctus
330 1741 490 1804 Abraham
522 1741 555 1804 in
587 1739 676 1805 Isaac
704 1739 770 1804 filio
800 1759 857 1804 suo
887 1741 1057 1806 substituit
1083 1741 1155 1816 sibi,
1185 1759 1309 1805 omnem

164 1865 296 1928 opernm
325 1865 455 1909 suorum
483 1846 637 1928 deputans
665 1847 873 1912 herediiatem
903 1848 1038 1928 sapienti
1067 1851 1099 1912 et
1125 1847 1211 1912 insto
1241 1847 1310 1912 uiro

163 1971 221 2016 nee
243 1952 348 2016 ullum
371 1952 422 2016 ius
445 1953 672 2018 hereditarium
696 1954 821 2019 ancillis
846 1953 897 2018 uel
922 1954 1106 2019 ancillarum
1129 1954 1204 2019 filiis
1224 1954 1309 2020 dere·

165 2060 320 2141 linquens,
353 2059 411 2123 sed
433 2059 653 2125 tantummodo
678 2060 856 2125 donationis
879 2079 1020 2125 munera.
1044 2060 1202 2144 perfectae
1226 2061 1309 2125 enim

124 2193 147 2229 n
165 2167 302 2231 uirtutes
342 2170 447 2231 totum
486 2167 647 2250 accipiunt
683 2168 803 2250 gloriae
839 2168 1075 2250 patrimonium,
1113 2168 1241 2232 usitatis
1279 2171 1311 2232 et

164 2273 378 2338 mediocribus
402 2274 467 2338 uile
487 2275 607 2356 aliquid
625 2275 814 2358 aspergitur.
835 2279 867 2340 et
885 2275 955 2340 ideo
974 2275 1068 2359 Agar,
1089 2293 1169 2358 quae
1189 2275 1311 2340 aduena

164 2381 262 2444 latine
287 2380 405 2445 dicitur
427 2384 522 2464 atque
546 2383 663 2458 accola,
688 2385 721 2446 et
744 2379 908 2457 chettura,
938 2401 1017 2464 quae
1042 2382 1196 2446 odorifera
1215 2381 1311 2464 signi-

166 2487 288 2565 ficatur,
318 2487 448 2552 heredes
476 2507 537 2552 uon
565 2493 650 2553 sunt.
680 2491 734 2571 qui
762 2489 845 2554 enim
869 2489 984 2553 mediis
1008 2488 1110 2552 utitur
1133 2487 1311 2571 dIsciplinis

166 2593 282 2670 accola,
312 2613 374 2658 non
410 2593 604 2659 inhabitator
637 2601 687 2659 est
720 2595 902 2679 sapientiae.
942 2595 1035 2660 odore
1068 2613 1216 2677 aspersus
1249 2614 1309 2658 non

125 2732 150 2766 20
165 2701 273 2764 fructu
307 2701 459 2784 expletur.
485 2702 655 2766 sanitatem
689 2705 795 2767 autem
829 2702 930 2777 cibus,
963 2721 1025 2767 non
1064 2701 1140 2765 odor
1175 2699 1309 2778 inuehit,

165 2807 240 2889 quia
272 2807 349 2872 odor
379 2808 542 2873 fructuum
569 2811 700 2875 nuntius
729 2813 788 2874 est.
817 2808 1006 2892 principales
1034 2810 1141 2890 itaque
1169 2809 1308 2892 dIscipli-

164 2935 219 2979 nas
244 2914 451 2997 sequentibus
475 2918 507 2979 et
528 2915 694 3000 indigenas
718 2916 834 2980 accolis
854 2916 1058 2998 agnoscimus
1076 2915 1408 2998 praeferendaslasa

253 3178 266 3230 1
291 3177 389 3230 hlatth.
416 3179 440 3241 7,
464 3179 498 3231 24
589 3179 605 3230 2
628 3177 709 3231 Philo
734 3177 766 3230 de
791 3193 858 3230 sacr.
883 3178 899 3230 9
924 3178 995 3242 (169,
1020 3178 1066 3242 31,
1093 3175 1107 3230 Ι
1129 3177 1190 3240 217,
1212 3179 1243 3231 11
1266 3177 1308 3244 0.)

162 3268 178 3318 5
198 3264 264 3319 Gen.
285 3267 328 3328 33,
350 3266 380 3319 11
400 3264 481 3320 Philo
501 3265 535 3319 dc
554 3283 619 3321 sacr.
639 3266 656 3315 9
676 3265 748 3330 (169,
767 3266 814 3330 39;
835 3266 848 3319 Ι
867 3267 927 3330 219,
948 3265 964 3318 8
986 3265 1027 3331 d.)
1125 3268 1158 3321 10
1176 3266 1255 3320 Philo
1275 3266 1309 3320 de

162 3371 227 3408 sacr.
249 3355 282 3408 10
301 3357 374 3420 (169,
392 3355 553 3418 40;Ι219,
575 3354 604 3407 11
629 3354 669 3420 0.)
780 3353 1027 3416 assensum
1115 3356 1147 3408 14
1176 3355 1309 3409 Philode

162 3460 228 3496 saer.
250 3444 282 3497 10
302 3445 375 3509 (169,
393 3445 442 3508 46;
460 3444 475 3497 Ι
493 3445 554 3506 210,
575 3444 609 3497 14
630 3443 671 3509 0.)
728 3443 761 3496 16
779 3443 860 3496 Philo
881 3443 914 3496 de
934 3460 999 3496 sacr.
1023 3443 1055 3497 10
1074 3444 1147 3514 (170,
1164 3445 1192 3506 2;
1213 3445 1308 3508 1220,

164 3534 175 3585 l
199 3532 240 3600 0.)
298 3535 330 3586 17
351 3532 417 3589 Gen.
436 3536 479 3596 25,
501 3535 513 3586 1
534 3533 615 3587 Philo
635 3532 668 3586 de
687 3550 754 3587 saer.
770 3534 803 3586 10
817 3533 889 3601 (170,
903 3535 933 3598 4ς
948 3534 1035 3588 1220.
1051 3535 1068 3586 2
1083 3533 1124 3598 0.)
1180 3534 1215 3586 20
1228 3533 1309 3586 Philo

162 3621 194 3674 de
214 3639 282 3675 sacr.
303 3623 336 3676 10
355 3624 426 3687 (170,
447 3623 476 3686 7;
495 3622 509 3674 Ι
528 3623 589 3686 220,
609 3625 625 3676 5
646 3621 687 3687 C.)
779 3621 811 3674 21
837 3619 915 3673 Philo
941 3619 973 3672 06
996 3637 1063 3673 sacr.
1084 3620 1116 3672 10
1136 3620 1207 3684 (170,
1229 3621 1274 3682 11;
1295 3619 1308 3672 1

162 3709 321 3776 22080.)

195 3849 314 3904 luerba
333 3867 383 3904 om.
402 3849 441 3903 M
478 3851 597 3904 3Iuerit
616 3851 737 3903 studiose
756 3851 819 3902 Μ’
861 3849 1066 3903 4666666666
1085 3849 1122 3902 M
1157 3849 1310 3904 thaeeill

159 3939 175 3985 8
195 3940 245 3992 iarl
263 3939 330 3993 labri
381 3941 398 3993 9
418 3939 497 3992 huius
516 3938 609 3992 mundi
627 3940 655 3992 B
673 3939 788 3994 Monac.
808 3939 905 3992 14399
928 3937 1046 3992 Uiudob.
1069 3941 1142 4003 759,¹
1164 3938 1256 3992 mundi
1276 3941 1307 3992 ln

160 4045 208 4097 inp.
235 4028 262 4081 V
332 4027 489 4097 disciplinas
508 4029 540 4080 iu
557 4027 653 4096 uapS
715 4026 748 4080 10
769 4043 836 4095 quas
854 4025 914 4080 BV
930 4027 1034 4096 qua-s
1054 4030 1090 4091 (m
1110 4042 1188 4090 eraa,
1208 4043 1220 4079 s
1239 4043 1260 4079 s.
1280 4045 1305 4080 m

160 4121 215 4182 ut2)
235 4123 290 4186 qua
309 4122 357 4172 cet.
432 4117 728 4184 repriorarem)
804 4116 837 4168 14
857 4114 1018 4168 tantumodo
1037 4114 1075 4168 M
1144 4130 1253 4168 munere
1273 4115 1308 4168 P‘

160 4211 187 4268 (6
206 4222 226 4260 6.
255 4223 269 4259 6
294 4206 354 4272 alt.)
379 4212 426 4263 cet.
532 4206 564 4259 17
590 4204 713 4259 chettura
732 4203 810 4258 Saus?
835 4205 961 4258 chettura
984 4202 1110 4257 Sra1P¹
1134 4206 1226 4256 cetura
1243 4203 1310 4256 MV

159 4294 288 4349 caethura
306 4296 342 4347 A‘
361 4295 474 4348 cethura
493 4301 539 4348 cet.
615 4294 648 4346 19
666 4292 807 4346 habitator
827 4297 889 4360 (om.
908 4292 947 4357 in)
967 4291 1004 4343 Μ
1073 4292 1105 4345 21
1127 4291 1220 4360 itaque
1242 4296 1307 4360 (que

158 4399 179 4437 s.
196 4383 282 4449 u.)S
