<?xml version="1.0" encoding="UTF-8"?>
<!DOCTYPE html PUBLIC "-//W3C//DTD XHTML 1.0 Transitional//EN"
    "http://www.w3.org/TR/xhtml1/DTD/xhtml1-transitional.dtd">
<html xmlns="http://www.w3.org/1999/xhtml" xml:lang="en" lang="en">
 <head>
  <title>
</title>
<meta http-equiv="Content-Type" content="text/html;charset=utf-8" />
  <meta name='ocr-system' content='tesseract 3.04.00' />
  <meta name='ocr-capabilities' content='ocr_page ocr_carea ocr_par ocr_line ocrx_word'/>
</head>
<body>
  <div class='ocr_page' id='page_1' title='image "./corpusscriptoru00wissgoog_0353.png"; bbox 0 0 3142 4967; ppageno 0'>
   <div class='ocr_carea' id='block_1_1' title="bbox 329 495 1306 563">
    <p class='ocr_par' dir='ltr' id='par_1_1' title="bbox 329 495 1306 563">
     <span class='ocr_line' id='line_1_1' title="bbox 329 495 1306 563; baseline 0.003 -14"><span class='ocrx_word' id='word_1_1' title='bbox 329 496 371 549; x_wconf 88' lang='lat' dir='ltr'><strong>De</strong></span> <span class='ocrx_word' id='word_1_2' title='bbox 391 495 457 550; x_wconf 81' lang='lat' dir='ltr'><strong>Cain</strong></span> <span class='ocrx_word' id='word_1_3' title='bbox 477 501 505 550; x_wconf 86' lang='lat' dir='ltr'><strong>et</strong></span> <span class='ocrx_word' id='word_1_4' title='bbox 523 497 592 550; x_wconf 80' lang='lat' dir='ltr'><strong>Abel</strong></span> <span class='ocrx_word' id='word_1_5' title='bbox 610 496 624 549; x_wconf 94' lang='lat' dir='ltr'>I</span> <span class='ocrx_word' id='word_1_6' title='bbox 643 499 668 550; x_wconf 78' lang='grc'><strong>2.</strong></span> <span class='ocrx_word' id='word_1_7' title='bbox 688 499 712 560; x_wconf 90' lang='grc'><strong>3,</strong></span> <span class='ocrx_word' id='word_1_8' title='bbox 733 499 757 552; x_wconf 79' lang='grc'><strong>9.</strong></span> <span class='ocrx_word' id='word_1_9' title='bbox 779 497 813 551; x_wconf 90' lang='grc'><strong>10</strong></span> <span class='ocrx_word' id='word_1_10' title='bbox 851 496 875 562; x_wconf 82' lang='grc' dir='ltr'><strong>(Ι</strong></span> <span class='ocrx_word' id='word_1_11' title='bbox 895 497 945 550; x_wconf 79' lang='grc'><strong>186</strong></span> <span class='ocrx_word' id='word_1_12' title='bbox 964 497 1076 551; x_wconf 72' lang='lat' dir='ltr'><strong>E-lsr</strong></span> <span class='ocrx_word' id='word_1_13' title='bbox 1098 497 1138 563; x_wconf 77' lang='lat' dir='ltr'><strong>E).</strong></span> <span class='ocrx_word' id='word_1_14' title='bbox 1242 499 1306 563; x_wconf 73' lang='grc'><strong>345</strong></span> 
     </span>
    </p>
   </div>
   <div class='ocr_carea' id='block_1_2' title="bbox 8 692 1559 3555">
    <p class='ocr_par' dir='ltr' id='par_1_2' title="bbox 160 692 1559 1098">
     <span class='ocr_line' id='line_1_2' title="bbox 161 692 1304 774; baseline -0.002 -16"><span class='ocrx_word' id='word_1_15' title='bbox 161 697 327 769; x_wconf 74' lang='lat' dir='ltr'>nonerunt,</span> <span class='ocrx_word' id='word_1_16' title='bbox 358 692 476 758; x_wconf 75' lang='lat' dir='ltr'><strong>Christi</strong></span> <span class='ocrx_word' id='word_1_17' title='bbox 504 697 609 757; x_wconf 84' lang='lat' dir='ltr'><strong>autem</strong></span> <span class='ocrx_word' id='word_1_18' title='bbox 639 693 834 774; x_wconf 81' lang='lat' dir='ltr'>sepulturam</span> <span class='ocrx_word' id='word_1_19' title='bbox 863 692 1015 768; x_wconf 71' lang='lat' dir='ltr'><strong>uidimus</strong></span> <span class='ocrx_word' id='word_1_20' title='bbox 1045 693 1099 756; x_wconf 87' lang='lat' dir='ltr'><strong>sed</strong></span> <span class='ocrx_word' id='word_1_21' title='bbox 1129 711 1211 757; x_wconf 88' lang='lat' dir='ltr'><strong>nunc</strong></span> <span class='ocrx_word' id='word_1_22' title='bbox 1243 693 1304 756; x_wconf 90' lang='lat' dir='ltr'><strong>iam</strong></span> 
     </span>
     <span class='ocr_line' id='line_1_3' title="bbox 161 799 1306 884; baseline 0.001 -21"><span class='ocrx_word' id='word_1_23' title='bbox 161 819 218 864; x_wconf 92' lang='lat' dir='ltr'><strong>non</strong></span> <span class='ocrx_word' id='word_1_24' title='bbox 232 801 395 877; x_wconf 90' lang='lat' dir='ltr'><strong>nouimus,</strong></span> <span class='ocrx_word' id='word_1_25' title='bbox 411 800 486 881; x_wconf 87' lang='lat' dir='ltr'><strong>quia</strong></span> <span class='ocrx_word' id='word_1_26' title='bbox 496 800 759 864; x_wconf 85' lang='lat' dir='ltr'><strong>resurrectionem</strong></span> <span class='ocrx_word' id='word_1_27' title='bbox 779 800 848 864; x_wconf 88' lang='lat' dir='ltr'><strong>eius</strong></span> <span class='ocrx_word' id='word_1_28' title='bbox 868 799 1072 884; x_wconf 81' lang='lat' dir='ltr'><strong>agnouimus3</strong></span> <span class='ocrx_word' id='word_1_29' title='bbox 1094 800 1204 864; x_wconf 78' lang='lat' dir='ltr'><strong>debuit</strong></span> <span class='ocrx_word' id='word_1_30' title='bbox 1223 801 1306 864; x_wconf 91' lang='lat' dir='ltr'><strong>enim</strong></span> 
     </span>
     <span class='ocr_line' id='line_1_4' title="bbox 161 905 1306 989; baseline 0.002 -20"><span class='ocrx_word' id='word_1_31' title='bbox 161 907 311 989; x_wconf 78' lang='lat' dir='ltr'><strong>cognosci</strong></span> <span class='ocrx_word' id='word_1_32' title='bbox 337 905 483 970; x_wconf 85' lang='lat' dir='ltr'><strong>tumulus</strong></span> <span class='ocrx_word' id='word_1_33' title='bbox 514 905 593 982; x_wconf 86' lang='lat' dir='ltr'><strong>eins,</strong></span> <span class='ocrx_word' id='word_1_34' title='bbox 617 909 655 969; x_wconf 89' lang='lat' dir='ltr'><strong>ut</strong></span> <span class='ocrx_word' id='word_1_35' title='bbox 676 907 865 970; x_wconf 88' lang='lat' dir='ltr'><strong>resurrectio</strong></span> <span class='ocrx_word' id='word_1_36' title='bbox 888 905 1154 970; x_wconf 80' lang='lat' dir='ltr'><strong>manifestaretur.</strong></span> <span class='ocrx_word' id='word_1_37' title='bbox 1180 911 1212 970; x_wconf 86' lang='lat' dir='ltr'><strong>et</strong></span> <span class='ocrx_word' id='word_1_38' title='bbox 1234 905 1306 971; x_wconf 91' lang='lat' dir='ltr'><strong>ideo</strong></span> 
     </span>
     <span class='ocr_line' id='line_1_5' title="bbox 160 1011 1559 1098; baseline 0.001 -22"><span class='ocrx_word' id='word_1_39' title='bbox 160 1011 189 1076; x_wconf 91' lang='lat' dir='ltr'><strong>in</strong></span> <span class='ocrx_word' id='word_1_40' title='bbox 213 1013 380 1096; x_wconf 81' lang='lat' dir='ltr'><strong>euangelio</strong></span> <span class='ocrx_word' id='word_1_41' title='bbox 404 1013 551 1077; x_wconf 88' lang='lat' dir='ltr'><strong>tumulus</strong></span> <span class='ocrx_word' id='word_1_42' title='bbox 574 1033 700 1077; x_wconf 90' lang='lat' dir='ltr'><strong>summa</strong></span> <span class='ocrx_word' id='word_1_43' title='bbox 723 1013 923 1095; x_wconf 76' lang='lat' dir='ltr'><strong>expressione</strong></span> <span class='ocrx_word' id='word_1_44' title='bbox 947 1013 1146 1086; x_wconf 82' lang='lat' dir='ltr'><strong>describitur,</strong></span> <span class='ocrx_word' id='word_1_45' title='bbox 1176 1013 1208 1077; x_wconf 92' lang='lat' dir='ltr'><strong>in</strong></span> <span class='ocrx_word' id='word_1_46' title='bbox 1233 1015 1304 1098; x_wconf 85' lang='lat' dir='ltr'><strong>lege</strong></span> <span class='ocrx_word' id='word_1_47' title='bbox 1329 1025 1351 1077; x_wconf 89' lang='lat' dir='ltr'>B</span> <span class='ocrx_word' id='word_1_48' title='bbox 1551 1047 1559 1094; x_wconf 54' lang='lat' dir='ltr'>q</span> 
     </span>
    </p>

    <p class='ocr_par' dir='ltr' id='par_1_3' title="bbox 132 1120 1307 1312">
     <span class='ocr_line' id='line_1_6' title="bbox 132 1120 1307 1202; baseline 0.006 -24"><span class='ocrx_word' id='word_1_49' title='bbox 132 1139 221 1185; x_wconf 68' lang='lat' dir='ltr'><strong>enon</strong></span> <span class='ocrx_word' id='word_1_50' title='bbox 245 1121 353 1202; x_wconf 91' lang='lat' dir='ltr'><strong>quaeri</strong></span> <span class='ocrx_word' id='word_1_51' title='bbox 356 1124 418 1200; x_wconf 81' lang='lat' dir='ltr'><strong>t,ur</strong></span> <span class='ocrx_word' id='word_1_52' title='bbox 438 1121 511 1202; x_wconf 87' lang='lat' dir='ltr'><strong>quia</strong></span> <span class='ocrx_word' id='word_1_53' title='bbox 529 1121 606 1185; x_wconf 85' lang='lat' dir='ltr'><strong>licet</strong></span> <span class='ocrx_word' id='word_1_54' title='bbox 623 1121 885 1184; x_wconf 86' lang='lat' dir='ltr'><strong>resurrectionem</strong></span> <span class='ocrx_word' id='word_1_55' title='bbox 906 1121 974 1184; x_wconf 87' lang='lat' dir='ltr'><strong>eius</strong></span> <span class='ocrx_word' id='word_1_56' title='bbox 993 1122 1042 1185; x_wconf 81' lang='lat' dir='ltr'><strong>lex</strong></span> <span class='ocrx_word' id='word_1_57' title='bbox 1062 1120 1182 1184; x_wconf 85' lang='lat' dir='ltr'><strong>admrnt</strong></span> <span class='ocrx_word' id='word_1_58' title='bbox 1183 1122 1307 1200; x_wconf 79' lang='lat' dir='ltr'><strong>iuuerit,</strong></span> 
     </span>
     <span class='ocr_line' id='line_1_7' title="bbox 160 1227 1137 1312; baseline 0.001 -22"><span class='ocrx_word' id='word_1_59' title='bbox 160 1227 251 1292; x_wconf 89' lang='lat' dir='ltr'><strong>nobis</strong></span> <span class='ocrx_word' id='word_1_60' title='bbox 274 1230 381 1291; x_wconf 87' lang='lat' dir='ltr'><strong>tumen</strong></span> <span class='ocrx_word' id='word_1_61' title='bbox 406 1227 565 1312; x_wconf 86' lang='lat' dir='ltr'><strong>euangelii</strong></span> <span class='ocrx_word' id='word_1_62' title='bbox 589 1228 687 1292; x_wconf 88' lang='lat' dir='ltr'><strong>series</strong></span> <span class='ocrx_word' id='word_1_63' title='bbox 711 1227 896 1308; x_wconf 90' lang='lat' dir='ltr'><strong>plenissime</strong></span> <span class='ocrx_word' id='word_1_64' title='bbox 920 1227 1137 1310; x_wconf 86' lang='lat' dir='ltr'><strong>conprobauit.</strong></span> 
     </span>
    </p>

    <p class='ocr_par' dir='ltr' id='par_1_4' title="bbox 8 1296 1351 1525">
     <span class='ocr_line' id='line_1_8' title="bbox 8 1296 1351 1418; baseline 0.003 -20"><span class='ocrx_word' id='word_1_65' title='bbox 8 1296 119 1405; x_wconf 80' lang='lat'><strong>310</strong></span> <span class='ocrx_word' id='word_1_66' title='bbox 201 1335 299 1418; x_wconf 81' lang='lat' dir='ltr'><strong>Ilrgo,</strong></span> <span class='ocrx_word' id='word_1_67' title='bbox 332 1337 370 1397; x_wconf 91' lang='lat' dir='ltr'><strong>ut</strong></span> <span class='ocrx_word' id='word_1_68' title='bbox 401 1335 486 1416; x_wconf 87' lang='lat' dir='ltr'><strong>quod</strong></span> <span class='ocrx_word' id='word_1_69' title='bbox 516 1336 741 1417; x_wconf 87' lang='lat' dir='ltr'><strong>proposuimus</strong></span> <span class='ocrx_word' id='word_1_70' title='bbox 775 1335 991 1416; x_wconf 86' lang='lat' dir='ltr'><strong>conpleamus</strong></span> <span class='ocrx_word' id='word_1_71' title='bbox 1017 1335 1171 1399; x_wconf 86' lang='lat' dir='ltr'><strong>adiecit</strong></span> <span class='ocrx_word' id='word_1_72' title='bbox 1204 1335 1351 1416; x_wconf 78' lang='lat' dir='ltr'><strong>inquire</strong></span> 
     </span>
     <span class='ocr_line' id='line_1_9' title="bbox 8 1441 1306 1525; baseline 0.002 -21"><span class='ocrx_word' id='word_1_73' title='bbox 8 1468 9 1525; x_wconf 63' lang='lat' dir='ltr'><strong>r</strong></span> <span class='ocrx_word' id='word_1_74' title='bbox 159 1460 298 1521; x_wconf 87' lang='lat' dir='ltr'><strong>parere</strong></span> <span class='ocrx_word' id='word_1_75' title='bbox 332 1441 442 1507; x_wconf 82' lang='lat' dir='ltr'><strong>Abel</strong></span> <span class='ocrx_word' id='word_1_76' title='bbox 475 1441 535 1505; x_wconf 88' lang='lat' dir='ltr'><strong>boc</strong></span> <span class='ocrx_word' id='word_1_77' title='bbox 569 1446 618 1505; x_wconf 85' lang='lat' dir='ltr'><strong>est</strong></span> <span class='ocrx_word' id='word_1_78' title='bbox 648 1441 810 1505; x_wconf 89' lang='lat' dir='ltr'><strong>meliorem</strong></span> <span class='ocrx_word' id='word_1_79' title='bbox 844 1441 922 1515; x_wconf 84' lang='lat' dir='ltr'><strong>Eua</strong></span> <span class='ocrx_word' id='word_1_80' title='bbox 954 1460 1034 1523; x_wconf 87' lang='lat' dir='ltr'><strong>quau</strong></span> <span class='ocrx_word' id='word_1_81' title='bbox 1065 1441 1205 1524; x_wconf 85' lang='lat' dir='ltr'><strong>grauiter</strong></span> <span class='ocrx_word' id='word_1_82' title='bbox 1235 1445 1306 1506; x_wconf 88' lang='lat' dir='ltr'><strong>ante</strong></span> 
     </span>
    </p>

    <p class='ocr_par' dir='ltr' id='par_1_5' title="bbox 159 1548 1306 1632">
     <span class='ocr_line' id='line_1_10' title="bbox 159 1548 1306 1632; baseline 0.003 -22"><span class='ocrx_word' id='word_1_83' title='bbox 159 1551 358 1628; x_wconf 77' lang='lat' dir='ltr'><strong>penencourt,</strong></span> <span class='ocrx_word' id='word_1_84' title='bbox 372 1567 408 1612; x_wconf 84' lang='lat' dir='ltr'><strong>ex</strong></span> <span class='ocrx_word' id='word_1_85' title='bbox 423 1567 457 1611; x_wconf 91' lang='lat' dir='ltr'><strong>se</strong></span> <span class='ocrx_word' id='word_1_86' title='bbox 477 1549 641 1632; x_wconf 85' lang='lat' dir='ltr'><strong>generauit</strong></span> <span class='ocrx_word' id='word_1_87' title='bbox 660 1548 859 1623; x_wconf 86' lang='lat' dir='ltr'><strong>sententiam,</strong></span> <span class='ocrx_word' id='word_1_88' title='bbox 880 1551 916 1612; x_wconf 90' lang='lat' dir='ltr'><strong>ut</strong></span> <span class='ocrx_word' id='word_1_89' title='bbox 934 1549 1106 1632; x_wconf 88' lang='lat' dir='ltr'><strong>superioris</strong></span> <span class='ocrx_word' id='word_1_90' title='bbox 1131 1549 1306 1613; x_wconf 85' lang='lat' dir='ltr'><strong>sententiae</strong></span> 
     </span>
    </p>

    <p class='ocr_par' dir='ltr' id='par_1_6' title="bbox 123 1655 1350 2164">
     <span class='ocr_line' id='line_1_11' title="bbox 123 1655 1307 1738; baseline 0 -20"><span class='ocrx_word' id='word_1_91' title='bbox 123 1673 145 1711; x_wconf 88' lang='lat'><strong>1⁰</strong></span> <span class='ocrx_word' id='word_1_92' title='bbox 160 1656 302 1719; x_wconf 84' lang='lat' dir='ltr'><strong>aboleret</strong></span> <span class='ocrx_word' id='word_1_93' title='bbox 324 1674 469 1719; x_wconf 90' lang='lat' dir='ltr'><strong>errorem.</strong></span> <span class='ocrx_word' id='word_1_94' title='bbox 499 1656 645 1732; x_wconf 87' lang='lat' dir='ltr'><strong>mentior,</strong></span> <span class='ocrx_word' id='word_1_95' title='bbox 669 1656 733 1720; x_wconf 90' lang='lat' dir='ltr'><strong>nisi</strong></span> <span class='ocrx_word' id='word_1_96' title='bbox 755 1656 815 1720; x_wconf 92' lang='lat' dir='ltr'><strong>hoc</strong></span> <span class='ocrx_word' id='word_1_97' title='bbox 838 1655 869 1718; x_wconf 91' lang='lat' dir='ltr'><strong>in</strong></span> <span class='ocrx_word' id='word_1_98' title='bbox 897 1655 1052 1719; x_wconf 90' lang='lat' dir='ltr'><strong>uniuersis</strong></span> <span class='ocrx_word' id='word_1_99' title='bbox 1077 1656 1237 1738; x_wconf 86' lang='lat' dir='ltr'><strong>probatur.</strong></span> <span class='ocrx_word' id='word_1_100' title='bbox 1263 1656 1307 1719; x_wconf 84' lang='lat' dir='ltr'><strong>ita</strong></span> 
     </span>
     <span class='ocr_line' id='line_1_12' title="bbox 159 1762 1306 1840; baseline -0.002 -13"><span class='ocrx_word' id='word_1_101' title='bbox 159 1763 242 1827; x_wconf 88' lang='lat' dir='ltr'><strong>enim</strong></span> <span class='ocrx_word' id='word_1_102' title='bbox 266 1762 438 1840; x_wconf 88' lang='lat' dir='ltr'><strong>nascimur,</strong></span> <span class='ocrx_word' id='word_1_103' title='bbox 461 1766 499 1828; x_wconf 84' lang='lat' dir='ltr'><strong>ut</strong></span> <span class='ocrx_word' id='word_1_104' title='bbox 522 1767 593 1827; x_wconf 87' lang='lat' dir='ltr'><strong>ante</strong></span> <span class='ocrx_word' id='word_1_105' title='bbox 617 1763 760 1826; x_wconf 84' lang='lat' dir='ltr'><strong>infirmus</strong></span> <span class='ocrx_word' id='word_1_106' title='bbox 783 1763 934 1826; x_wconf 83' lang='lat' dir='ltr'><strong>infantiae</strong></span> <span class='ocrx_word' id='word_1_107' title='bbox 959 1781 1071 1827; x_wconf 88' lang='lat' dir='ltr'><strong>sensus</strong></span> <span class='ocrx_word' id='word_1_108' title='bbox 1090 1763 1121 1826; x_wconf 90' lang='lat' dir='ltr'><strong>in</strong></span> <span class='ocrx_word' id='word_1_109' title='bbox 1142 1763 1232 1827; x_wconf 92' lang='lat' dir='ltr'><strong>nobis</strong></span> <span class='ocrx_word' id='word_1_110' title='bbox 1253 1763 1306 1838; x_wconf 87' lang='lat' dir='ltr'><strong>sit,</strong></span> 
     </span>
     <span class='ocr_line' id='line_1_13' title="bbox 158 1868 1306 1952; baseline -0.003 -17"><span class='ocrx_word' id='word_1_111' title='bbox 158 1875 270 1952; x_wconf 86' lang='lat' dir='ltr'><strong>postea</strong></span> <span class='ocrx_word' id='word_1_112' title='bbox 297 1870 452 1952; x_wconf 84' lang='lat' dir='ltr'><strong>pueritiae</strong></span> <span class='ocrx_word' id='word_1_113' title='bbox 481 1870 621 1950; x_wconf 87' lang='lat' dir='ltr'><strong>corporis</strong></span> <span class='ocrx_word' id='word_1_114' title='bbox 649 1868 871 1934; x_wconf 85' lang='lat' dir='ltr'><strong>tantummodo</strong></span> <span class='ocrx_word' id='word_1_115' title='bbox 901 1888 1008 1933; x_wconf 84' lang='lat' dir='ltr'><strong>cruam</strong></span> <span class='ocrx_word' id='word_1_116' title='bbox 1038 1869 1151 1946; x_wconf 85' lang='lat' dir='ltr'><strong>sciens,</strong></span> <span class='ocrx_word' id='word_1_117' title='bbox 1183 1869 1306 1933; x_wconf 90' lang='lat' dir='ltr'><strong>nullum</strong></span> 
     </span>
     <span class='ocr_line' id='line_1_14' title="bbox 159 1975 1350 2059; baseline -0.008 -15"><span class='ocrx_word' id='word_1_118' title='bbox 159 1980 294 2059; x_wconf 90' lang='lat' dir='ltr'><strong>cultum,</strong></span> <span class='ocrx_word' id='word_1_119' title='bbox 317 1978 438 2042; x_wconf 83' lang='lat' dir='ltr'><strong>nullam</strong></span> <span class='ocrx_word' id='word_1_120' title='bbox 461 1977 580 2040; x_wconf 86' lang='lat' dir='ltr'><strong>habens</strong></span> <span class='ocrx_word' id='word_1_121' title='bbox 605 1975 838 2040; x_wconf 86' lang='lat' dir='ltr'><strong>obseruantiam</strong></span> <span class='ocrx_word' id='word_1_122' title='bbox 863 1976 1052 2039; x_wconf 90' lang='lat' dir='ltr'><strong>diuinorum.</strong></span> <span class='ocrx_word' id='word_1_123' title='bbox 1078 1975 1161 2040; x_wconf 91' lang='lat' dir='ltr'><strong>unde</strong></span> <span class='ocrx_word' id='word_1_124' title='bbox 1187 1980 1218 2040; x_wconf 91' lang='lat' dir='ltr'><strong>et</strong></span> <span class='ocrx_word' id='word_1_125' title='bbox 1242 1977 1350 2041; x_wconf 90' lang='lat' dir='ltr'><strong>eui-D</strong></span> 
     </span>
     <span class='ocr_line' id='line_1_15' title="bbox 160 2081 1308 2164; baseline -0.003 -14"><span class='ocrx_word' id='word_1_126' title='bbox 160 2085 246 2150; x_wconf 85' lang='lat' dir='ltr'><strong>denti</strong></span> <span class='ocrx_word' id='word_1_127' title='bbox 272 2088 402 2149; x_wconf 83' lang='lat' dir='ltr'><strong>naturae</strong></span> <span class='ocrx_word' id='word_1_128' title='bbox 430 2082 571 2146; x_wconf 86' lang='lat' dir='ltr'><strong>nouitate</strong></span> <span class='ocrx_word' id='word_1_129' title='bbox 602 2085 706 2146; x_wconf 86' lang='lat' dir='ltr'><strong>ortum</strong></span> <span class='ocrx_word' id='word_1_130' title='bbox 734 2081 842 2145; x_wconf 91' lang='lat' dir='ltr'><strong>Iesum</strong></span> <span class='ocrx_word' id='word_1_131' title='bbox 871 2081 1033 2146; x_wconf 85' lang='lat' dir='ltr'><strong>Christum</strong></span> <span class='ocrx_word' id='word_1_132' title='bbox 1062 2101 1097 2145; x_wconf 88' lang='lat' dir='ltr'><strong>er</strong></span> <span class='ocrx_word' id='word_1_133' title='bbox 1125 2081 1247 2164; x_wconf 84' lang='lat' dir='ltr'><strong>uirgine</strong></span> <span class='ocrx_word' id='word_1_134' title='bbox 1271 2085 1308 2146; x_wconf 84' lang='lat' dir='ltr'><strong>ut</strong></span> 
     </span>
    </p>

    <p class='ocr_par' dir='ltr' id='par_1_7' title="bbox 120 2188 1308 2699">
     <span class='ocr_line' id='line_1_16' title="bbox 120 2188 1308 2274; baseline -0.004 -18"><span class='ocrx_word' id='word_1_135' title='bbox 120 2193 310 2274; x_wconf 69' lang='lat' dir='ltr'><strong>reprobaret</strong></span> <span class='ocrx_word' id='word_1_136' title='bbox 332 2189 486 2273; x_wconf 83' lang='lat' dir='ltr'><strong>propbeta</strong></span> <span class='ocrx_word' id='word_1_137' title='bbox 509 2188 568 2254; x_wconf 85' lang='lat' dir='ltr'><strong>ait:</strong></span> <span class='ocrx_word' id='word_1_138' title='bbox 600 2207 691 2252; x_wconf 86' lang='lat' dir='ltr'><strong>ecce</strong></span> <span class='ocrx_word' id='word_1_139' title='bbox 721 2188 838 2272; x_wconf 86' lang='lat' dir='ltr'><strong>uirgo</strong></span> <span class='ocrx_word' id='word_1_140' title='bbox 864 2189 900 2251; x_wconf 91' lang='lat' dir='ltr'><strong>in</strong></span> <span class='ocrx_word' id='word_1_141' title='bbox 926 2193 1041 2253; x_wconf 86' lang='lat' dir='ltr'><strong>utero</strong></span> <span class='ocrx_word' id='word_1_142' title='bbox 1066 2189 1246 2272; x_wconf 84' lang='lat' dir='ltr'><strong>accipiet</strong></span> <span class='ocrx_word' id='word_1_143' title='bbox 1270 2193 1308 2254; x_wconf 82' lang='lat' dir='ltr'><strong>et</strong></span> 
     </span>
     <span class='ocr_line' id='line_1_17' title="bbox 160 2295 1306 2380; baseline -0.001 -18"><span class='ocrx_word' id='word_1_144' title='bbox 160 2300 297 2380; x_wconf 87' lang='lat' dir='ltr'><strong>pariet-</strong></span> <span class='ocrx_word' id='word_1_145' title='bbox 314 2298 461 2369; x_wconf 81' lang='lat' dir='ltr'><strong>filiurn,</strong></span> <span class='ocrx_word' id='word_1_146' title='bbox 483 2299 522 2360; x_wconf 88' lang='lat' dir='ltr'><strong>et</strong></span> <span class='ocrx_word' id='word_1_147' title='bbox 540 2295 747 2359; x_wconf 82' lang='lat' dir='ltr'><strong>uocabant</strong></span> <span class='ocrx_word' id='word_1_148' title='bbox 766 2314 905 2360; x_wconf 87' lang='lat' dir='ltr'><strong>nomen</strong></span> <span class='ocrx_word' id='word_1_149' title='bbox 927 2295 1015 2360; x_wconf 88' lang='lat' dir='ltr'><strong>eins</strong></span> <span class='ocrx_word' id='word_1_150' title='bbox 1035 2295 1306 2361; x_wconf 84' lang='lat' dir='ltr'><strong>Emmanuhcl.</strong></span> 
     </span>
     <span class='ocr_line' id='line_1_18' title="bbox 160 2395 1306 2489; baseline -0.003 -20"><span class='ocrx_word' id='word_1_151' title='bbox 160 2406 351 2489; x_wconf 80' lang='lat' dir='ltr'><strong>butyrum</strong></span> <span class='ocrx_word' id='word_1_152' title='bbox 375 2408 414 2468; x_wconf 83' lang='lat' dir='ltr'><strong>et</strong></span> <span class='ocrx_word' id='word_1_153' title='bbox 437 2404 512 2467; x_wconf 90' lang='lat' dir='ltr'><strong>mel</strong></span> <span class='ocrx_word' id='word_1_154' title='bbox 535 2402 809 2479; x_wconf 82' lang='lat' dir='ltr'><strong>manducabit,</strong></span> <span class='ocrx_word' id='word_1_155' title='bbox 834 2395 1072 2484; x_wconf 84' lang='lat' dir='ltr'><strong>priusquam</strong></span> <span class='ocrx_word' id='word_1_156' title='bbox 1097 2403 1203 2467; x_wconf 86' lang='lat' dir='ltr'><strong>sciat</strong></span> <span class='ocrx_word' id='word_1_157' title='bbox 1234 2423 1306 2466; x_wconf 89' lang='lat' dir='ltr'><strong>ma-</strong></span> 
     </span>
     <span class='ocr_line' id='line_1_19' title="bbox 160 2509 1306 2591; baseline -0.002 -15"><span class='ocrx_word' id='word_1_158' title='bbox 160 2513 240 2576; x_wconf 91' lang='lat' dir='ltr'><strong>lum</strong></span> <span class='ocrx_word' id='word_1_159' title='bbox 269 2516 337 2574; x_wconf 83' lang='lat' dir='ltr'><strong>aut</strong></span> <span class='ocrx_word' id='word_1_160' title='bbox 364 2511 524 2576; x_wconf 87' lang='lat' dir='ltr'><strong>bonurn:</strong></span> <span class='ocrx_word' id='word_1_161' title='bbox 555 2509 740 2590; x_wconf 89' lang='lat' dir='ltr'><strong>quoniam</strong></span> <span class='ocrx_word' id='word_1_162' title='bbox 770 2509 1006 2591; x_wconf 88' lang='lat' dir='ltr'><strong>priusquam</strong></span> <span class='ocrx_word' id='word_1_163' title='bbox 1032 2510 1139 2573; x_wconf 86' lang='lat' dir='ltr'><strong>sciat</strong></span> <span class='ocrx_word' id='word_1_164' title='bbox 1161 2509 1306 2574; x_wconf 90' lang='lat' dir='ltr'><strong>bonum</strong></span> 
     </span>
     <span class='ocr_line' id='line_1_20' title="bbox 162 2614 1306 2699; baseline -0.003 -16"><span class='ocrx_word' id='word_1_165' title='bbox 162 2623 230 2683; x_wconf 85' lang='lat' dir='ltr'><strong>aut</strong></span> <span class='ocrx_word' id='word_1_166' title='bbox 266 2619 413 2682; x_wconf 86' lang='lat' dir='ltr'><strong>malum</strong></span> <span class='ocrx_word' id='word_1_167' title='bbox 450 2635 524 2681; x_wconf 91' lang='lat' dir='ltr'><strong>non</strong></span> <span class='ocrx_word' id='word_1_168' title='bbox 563 2614 696 2680; x_wconf 88' lang='lat' dir='ltr'><strong>credit</strong></span> <span class='ocrx_word' id='word_1_169' title='bbox 732 2615 929 2692; x_wconf 87' lang='lat' dir='ltr'><strong>malitiae,</strong></span> <span class='ocrx_word' id='word_1_170' title='bbox 962 2619 1006 2678; x_wconf 90' lang='lat' dir='ltr'><strong>ut</strong></span> <span class='ocrx_word' id='word_1_171' title='bbox 1039 2616 1170 2699; x_wconf 83' lang='lat' dir='ltr'><strong>eligat</strong></span> <span class='ocrx_word' id='word_1_172' title='bbox 1202 2617 1306 2698; x_wconf 88' lang='lat' dir='ltr'><strong>quod</strong></span> 
     </span>
    </p>

    <p class='ocr_par' dir='ltr' id='par_1_8' title="bbox 116 2722 1351 3232">
     <span class='ocr_line' id='line_1_21' title="bbox 116 2722 1306 2803; baseline -0.001 -14"><span class='ocrx_word' id='word_1_173' title='bbox 116 2727 305 2790; x_wconf 66' lang='lat' dir='ltr'><strong>roborum</strong></span> <span class='ocrx_word' id='word_1_174' title='bbox 338 2729 401 2789; x_wconf 89' lang='lat' dir='ltr'><strong>est</strong></span> <span class='ocrx_word' id='word_1_175' title='bbox 432 2727 465 2788; x_wconf 89' lang='lat' dir='ltr'><strong>et</strong></span> <span class='ocrx_word' id='word_1_176' title='bbox 496 2723 593 2787; x_wconf 87' lang='lat' dir='ltr'><strong>infra:</strong></span> <span class='ocrx_word' id='word_1_177' title='bbox 626 2723 865 2803; x_wconf 86' lang='lat' dir='ltr'><strong>priusquam</strong></span> <span class='ocrx_word' id='word_1_178' title='bbox 896 2722 1002 2786; x_wconf 87' lang='lat' dir='ltr'><strong>sciat</strong></span> <span class='ocrx_word' id='word_1_179' title='bbox 1032 2741 1130 2803; x_wconf 91' lang='lat' dir='ltr'><strong>puer</strong></span> <span class='ocrx_word' id='word_1_180' title='bbox 1160 2743 1306 2788; x_wconf 85' lang='lat' dir='ltr'><strong>uocare</strong></span> 
     </span>
     <span class='ocr_line' id='line_1_22' title="bbox 162 2829 1305 2913; baseline -0.002 -17"><span class='ocrx_word' id='word_1_181' title='bbox 162 2836 316 2913; x_wconf 85' lang='lat' dir='ltr'><strong>patrem</strong></span> <span class='ocrx_word' id='word_1_182' title='bbox 349 2833 419 2896; x_wconf 84' lang='lat' dir='ltr'><strong>aut</strong></span> <span class='ocrx_word' id='word_1_183' title='bbox 449 2833 628 2906; x_wconf 85' lang='lat' dir='ltr'><strong>matrem,</strong></span> <span class='ocrx_word' id='word_1_184' title='bbox 662 2829 843 2912; x_wconf 87' lang='lat' dir='ltr'><strong>accipiet</strong></span> <span class='ocrx_word' id='word_1_185' title='bbox 880 2829 1079 2892; x_wconf 87' lang='lat' dir='ltr'><strong>uirtutem</strong></span> <span class='ocrx_word' id='word_1_186' title='bbox 1117 2830 1305 2894; x_wconf 86' lang='lat' dir='ltr'><strong>Damasci</strong></span> 
     </span>
     <span class='ocr_line' id='line_1_23' title="bbox 163 2937 1304 3021; baseline -0.001 -18"><span class='ocrx_word' id='word_1_187' title='bbox 163 2943 200 3002; x_wconf 86' lang='lat' dir='ltr'><strong>et</strong></span> <span class='ocrx_word' id='word_1_188' title='bbox 222 2939 357 3021; x_wconf 85' lang='lat' dir='ltr'><strong>spolia</strong></span> <span class='ocrx_word' id='word_1_189' title='bbox 381 2937 584 3002; x_wconf 86' lang='lat' dir='ltr'><strong>Samariae</strong></span> <span class='ocrx_word' id='word_1_190' title='bbox 608 2941 750 3001; x_wconf 87' lang='lat' dir='ltr'><strong>contra</strong></span> <span class='ocrx_word' id='word_1_191' title='bbox 767 2937 1194 3019; x_wconf 68' lang='lat' dir='ltr'><strong>regemrlssyriorum.</strong></span> <span class='ocrx_word' id='word_1_192' title='bbox 1217 2938 1304 3002; x_wconf 92' lang='lat' dir='ltr'><strong>solus</strong></span> 
     </span>
     <span class='ocr_line' id='line_1_24' title="bbox 162 3043 1307 3127; baseline -0.001 -18"><span class='ocrx_word' id='word_1_193' title='bbox 162 3046 243 3109; x_wconf 90' lang='lat' dir='ltr'><strong>enim</strong></span> <span class='ocrx_word' id='word_1_194' title='bbox 280 3045 342 3109; x_wconf 85' lang='lat' dir='ltr'><strong>fuit</strong></span> <span class='ocrx_word' id='word_1_195' title='bbox 378 3044 433 3127; x_wconf 88' lang='lat' dir='ltr'><strong>qui</strong></span> <span class='ocrx_word' id='word_1_196' title='bbox 469 3062 531 3108; x_wconf 90' lang='lat' dir='ltr'><strong>non</strong></span> <span class='ocrx_word' id='word_1_197' title='bbox 568 3045 619 3106; x_wconf 85' lang='lat' dir='ltr'><strong>est</strong></span> <span class='ocrx_word' id='word_1_198' title='bbox 656 3046 768 3124; x_wconf 86' lang='lat' dir='ltr'><strong>captus</strong></span> <span class='ocrx_word' id='word_1_199' title='bbox 808 3043 926 3108; x_wconf 86' lang='lat' dir='ltr'><strong>saeculi</strong></span> <span class='ocrx_word' id='word_1_200' title='bbox 963 3043 1060 3107; x_wconf 88' lang='lat' dir='ltr'><strong>huius</strong></span> <span class='ocrx_word' id='word_1_201' title='bbox 1098 3044 1238 3108; x_wconf 86' lang='lat' dir='ltr'><strong>uanitate</strong></span> <span class='ocrx_word' id='word_1_202' title='bbox 1275 3048 1307 3108; x_wconf 88' lang='lat' dir='ltr'><strong>et</strong></span> 
     </span>
     <span class='ocr_line' id='line_1_25' title="bbox 162 3149 1351 3232; baseline -0.006 -16"><span class='ocrx_word' id='word_1_203' title='bbox 162 3152 276 3216; x_wconf 86' lang='lat' dir='ltr'><strong>carnali</strong></span> <span class='ocrx_word' id='word_1_204' title='bbox 313 3154 447 3217; x_wconf 83' lang='lat' dir='ltr'><strong>tumore.</strong></span> <span class='ocrx_word' id='word_1_205' title='bbox 484 3154 596 3232; x_wconf 82' lang='lat' dir='ltr'><strong>utpote</strong></span> <span class='ocrx_word' id='word_1_206' title='bbox 630 3149 684 3232; x_wconf 88' lang='lat' dir='ltr'><strong>qui</strong></span> <span class='ocrx_word' id='word_1_207' title='bbox 717 3168 750 3213; x_wconf 90' lang='lat' dir='ltr'><strong>se</strong></span> <span class='ocrx_word' id='word_1_208' title='bbox 783 3149 968 3214; x_wconf 80' lang='lat' dir='ltr'><strong>humiliabit</strong></span> <span class='ocrx_word' id='word_1_209' title='bbox 999 3149 1102 3215; x_wconf 85' lang='lat' dir='ltr'><strong>factus</strong></span> <span class='ocrx_word' id='word_1_210' title='bbox 1136 3151 1305 3216; x_wconf 87' lang='lat' dir='ltr'><strong>oboediens</strong></span> <span class='ocrx_word' id='word_1_211' title='bbox 1330 3155 1351 3209; x_wconf 78' lang='grc' dir='ltr'>Ε</span> 
     </span>
    </p>

    <p class='ocr_par' dir='ltr' id='par_1_9' title="bbox 116 3257 1305 3555">
     <span class='ocr_line' id='line_1_26' title="bbox 116 3257 1305 3340; baseline 0 -19"><span class='ocrx_word' id='word_1_212' title='bbox 116 3279 140 3316; x_wconf 70' lang='lat'><strong>25</strong></span> <span class='ocrx_word' id='word_1_213' title='bbox 161 3277 262 3340; x_wconf 87' lang='lat' dir='ltr'><strong>usque</strong></span> <span class='ocrx_word' id='word_1_214' title='bbox 295 3258 332 3322; x_wconf 90' lang='lat' dir='ltr'><strong>ad</strong></span> <span class='ocrx_word' id='word_1_215' title='bbox 364 3262 512 3322; x_wconf 83' lang='lat' dir='ltr'><strong>mortem.</strong></span> <span class='ocrx_word' id='word_1_216' title='bbox 544 3257 638 3340; x_wconf 86' lang='lat' dir='ltr'><strong>longe</strong></span> <span class='ocrx_word' id='word_1_217' title='bbox 668 3257 922 3338; x_wconf 86' lang='lat' dir='ltr'><strong>uniuscuiusque</strong></span> <span class='ocrx_word' id='word_1_218' title='bbox 952 3261 1097 3321; x_wconf 88' lang='lat' dir='ltr'><strong>nostrum</strong></span> <span class='ocrx_word' id='word_1_219' title='bbox 1128 3257 1305 3333; x_wconf 75' lang='lat' dir='ltr'><strong>dissimilis</strong></span> 
     </span>
     <span class='ocr_line' id='line_1_27' title="bbox 162 3364 1305 3446; baseline -0.001 -17"><span class='ocrx_word' id='word_1_220' title='bbox 162 3365 295 3446; x_wconf 89' lang='lat' dir='ltr'><strong>quinos</strong></span> <span class='ocrx_word' id='word_1_221' title='bbox 318 3366 436 3429; x_wconf 85' lang='lat' dir='ltr'><strong>frustra</strong></span> <span class='ocrx_word' id='word_1_222' title='bbox 458 3365 640 3429; x_wconf 81' lang='lat' dir='ltr'><strong>extollimus</strong></span> <span class='ocrx_word' id='word_1_223' title='bbox 662 3367 768 3428; x_wconf 89' lang='lat' dir='ltr'><strong>mente</strong></span> <span class='ocrx_word' id='word_1_224' title='bbox 793 3364 893 3426; x_wconf 85' lang='lat' dir='ltr'><strong>cernis</strong></span> <span class='ocrx_word' id='word_1_225' title='bbox 917 3364 1027 3427; x_wconf 84' lang='lat' dir='ltr'><strong>inflati.</strong></span> <span class='ocrx_word' id='word_1_226' title='bbox 1052 3364 1135 3428; x_wconf 89' lang='lat' dir='ltr'><strong>unde</strong></span> <span class='ocrx_word' id='word_1_227' title='bbox 1159 3367 1192 3427; x_wconf 90' lang='lat' dir='ltr'><strong>et</strong></span> <span class='ocrx_word' id='word_1_228' title='bbox 1215 3383 1305 3428; x_wconf 89' lang='lat' dir='ltr'><strong>nemo</strong></span> 
     </span>
     <span class='ocr_line' id='line_1_28' title="bbox 161 3470 1305 3555; baseline -0.002 -19"><span class='ocrx_word' id='word_1_229' title='bbox 161 3473 227 3536; x_wconf 87' lang='lat' dir='ltr'><strong>sine</strong></span> <span class='ocrx_word' id='word_1_230' title='bbox 263 3475 395 3555; x_wconf 86' lang='lat' dir='ltr'><strong>peccato</strong></span> <span class='ocrx_word' id='word_1_231' title='bbox 434 3490 492 3536; x_wconf 89' lang='lat' dir='ltr'><strong>nec</strong></span> <span class='ocrx_word' id='word_1_232' title='bbox 528 3471 624 3535; x_wconf 89' lang='lat' dir='ltr'><strong>unius</strong></span> <span class='ocrx_word' id='word_1_233' title='bbox 661 3470 723 3534; x_wconf 89' lang='lat' dir='ltr'><strong>diei</strong></span> <span class='ocrx_word' id='word_1_234' title='bbox 760 3470 875 3545; x_wconf 83' lang='lat' dir='ltr'><strong>insons,</strong></span> <span class='ocrx_word' id='word_1_235' title='bbox 913 3470 966 3534; x_wconf 89' lang='lat' dir='ltr'><strong>ille</strong></span> <span class='ocrx_word' id='word_1_236' title='bbox 1000 3473 1106 3533; x_wconf 85' lang='lat' dir='ltr'><strong>antem</strong></span> <span class='ocrx_word' id='word_1_237' title='bbox 1138 3473 1305 3552; x_wconf 86' lang='lat' dir='ltr'><strong>peccatum</strong></span> 
     </span>
    </p>
   </div>
   <div class='ocr_carea' id='block_1_3' title="bbox 158 3731 1304 3890">
    <p class='ocr_par' dir='ltr' id='par_1_10' title="bbox 158 3731 1304 3890">
     <span class='ocr_line' id='line_1_29' title="bbox 246 3731 1304 3800; baseline -0.004 -12"><span class='ocrx_word' id='word_1_238' title='bbox 246 3733 499 3795; x_wconf 60' lang='lat' dir='ltr'><strong>emersurum</strong></span> <span class='ocrx_word' id='word_1_239' title='bbox 554 3731 660 3786; x_wconf 78' lang='lat' dir='ltr'><strong>bEsai.</strong></span> <span class='ocrx_word' id='word_1_240' title='bbox 683 3733 723 3796; x_wconf 90' lang='lat'><strong>11,</strong></span> <span class='ocrx_word' id='word_1_241' title='bbox 745 3733 778 3786; x_wconf 92' lang='grc'><strong>10</strong></span> <span class='ocrx_word' id='word_1_242' title='bbox 835 3733 868 3786; x_wconf 77' lang='lat'><strong>15</strong></span> <span class='ocrx_word' id='word_1_243' title='bbox 887 3731 960 3784; x_wconf 88' lang='lat' dir='ltr'><strong>Esai.</strong></span> <span class='ocrx_word' id='word_1_244' title='bbox 981 3733 1005 3794; x_wconf 79' lang='grc'><strong>7,</strong></span> <span class='ocrx_word' id='word_1_245' title='bbox 1027 3733 1060 3785; x_wconf 88' lang='grc'><strong>14</strong></span> <span class='ocrx_word' id='word_1_246' title='bbox 1079 3749 1118 3800; x_wconf 91' lang='lat' dir='ltr'><strong>sq.</strong></span> <span class='ocrx_word' id='word_1_247' title='bbox 1179 3732 1304 3786; x_wconf 65' lang='lat' dir='ltr'><strong>consae</strong></span> 
     </span>
     <span class='ocr_line' id='line_1_30' title="bbox 158 3820 1304 3890; baseline 0 -14"><span class='ocrx_word' id='word_1_248' title='bbox 158 3823 220 3886; x_wconf 65' lang='lat'><strong>&amp;4</strong></span> <span class='ocrx_word' id='word_1_249' title='bbox 275 3821 446 3890; x_wconf 84' lang='lat' dir='ltr'><strong>24Philipp.</strong></span> <span class='ocrx_word' id='word_1_250' title='bbox 467 3821 528 3879; x_wconf 83' lang='grc'><strong>2,8</strong></span> <span class='ocrx_word' id='word_1_251' title='bbox 584 3820 1304 3890; x_wconf 70' lang='lat' dir='ltr'><strong>unroh14‚4sq.1Petr.2,·2‘2,cf.110h.3,5</strong></span> 
     </span>
    </p>
   </div>
   <div class='ocr_carea' id='block_1_4' title="bbox 156 3961 1304 4478">
    <p class='ocr_par' dir='ltr' id='par_1_11' title="bbox 156 3961 1304 4478">
     <span class='ocr_line' id='line_1_31' title="bbox 195 3961 1303 4032; baseline -0.001 -15"><span class='ocrx_word' id='word_1_252' title='bbox 195 3965 207 4017; x_wconf 95' lang='lat' dir='ltr'><strong>l</strong></span> <span class='ocrx_word' id='word_1_253' title='bbox 229 3964 276 4027; x_wconf 79' lang='lat' dir='ltr'><strong>ipa</strong></span> <span class='ocrx_word' id='word_1_254' title='bbox 294 3980 363 4017; x_wconf 88' lang='lat' dir='ltr'><strong>nunc</strong></span> <span class='ocrx_word' id='word_1_255' title='bbox 382 3963 435 4016; x_wconf 87' lang='lat' dir='ltr'><strong>iarn</strong></span> <span class='ocrx_word' id='word_1_256' title='bbox 455 3963 490 4016; x_wconf 83' lang='lat' dir='ltr'><em>M</em></span> <span class='ocrx_word' id='word_1_257' title='bbox 506 3964 631 4016; x_wconf 85' lang='lat' dir='ltr'><strong>nuntium</strong></span> <span class='ocrx_word' id='word_1_258' title='bbox 649 3962 692 4015; x_wconf 84' lang='grc' dir='ltr'><strong>Μ’</strong></span> <span class='ocrx_word' id='word_1_259' title='bbox 711 3963 764 4015; x_wconf 87' lang='lat' dir='ltr'><strong>iarn</strong></span> <span class='ocrx_word' id='word_1_260' title='bbox 784 3979 856 4016; x_wconf 88' lang='lat' dir='ltr'><strong>nunc</strong></span> <span class='ocrx_word' id='word_1_261' title='bbox 871 3961 955 4016; x_wconf 74' lang='lat' dir='ltr'><strong>SAA‘</strong></span> <span class='ocrx_word' id='word_1_262' title='bbox 1011 3965 1026 4016; x_wconf 79' lang='grc'>2</span> <span class='ocrx_word' id='word_1_263' title='bbox 1047 3963 1110 4032; x_wconf 83' lang='lat' dir='ltr'><strong>qnia</strong></span> <span class='ocrx_word' id='word_1_264' title='bbox 1128 3963 1165 4016; x_wconf 84' lang='lat' dir='ltr'><em>M</em></span> <span class='ocrx_word' id='word_1_265' title='bbox 1183 3965 1209 4030; x_wconf 83' lang='lat' dir='ltr'><strong>(a</strong></span> <span class='ocrx_word' id='word_1_266' title='bbox 1228 3979 1248 4017; x_wconf 86' lang='lat' dir='ltr'><strong>s.</strong></span> <span class='ocrx_word' id='word_1_267' title='bbox 1264 3967 1303 4028; x_wconf 79' lang='lat' dir='ltr'><strong>a.)</strong></span> 
     </span>
     <span class='ocr_line' id='line_1_32' title="bbox 162 4051 1304 4122; baseline 0 -16"><span class='ocrx_word' id='word_1_268' title='bbox 162 4055 186 4106; x_wconf 84' lang='lat' dir='ltr'><strong><em>V</em></strong></span> <span class='ocrx_word' id='word_1_269' title='bbox 205 4054 251 4122; x_wconf 88' lang='lat' dir='ltr'><strong>qai</strong></span> <span class='ocrx_word' id='word_1_270' title='bbox 271 4059 318 4107; x_wconf 81' lang='lat' dir='ltr'><strong>oet.</strong></span> <span class='ocrx_word' id='word_1_271' title='bbox 409 4052 510 4107; x_wconf 76' lang='lat' dir='ltr'><strong>blicet</strong></span> <span class='ocrx_word' id='word_1_272' title='bbox 528 4069 598 4106; x_wconf 79' lang='lat' dir='ltr'><strong>eros.</strong></span> <span class='ocrx_word' id='word_1_273' title='bbox 618 4053 647 4116; x_wconf 81' lang='lat' dir='ltr'><strong>S,</strong></span> <span class='ocrx_word' id='word_1_274' title='bbox 668 4069 719 4106; x_wconf 88' lang='lat' dir='ltr'><strong>om.</strong></span> <span class='ocrx_word' id='word_1_275' title='bbox 737 4052 837 4106; x_wconf 53' lang='grc' dir='ltr'><strong>ΜΗ</strong></span> <span class='ocrx_word' id='word_1_276' title='bbox 922 4053 979 4105; x_wconf 84' lang='lat' dir='ltr'><strong>eius</strong></span> <span class='ocrx_word' id='word_1_277' title='bbox 999 4067 1067 4105; x_wconf 85' lang='lat' dir='ltr'><strong>eras.</strong></span> <span class='ocrx_word' id='word_1_278' title='bbox 1089 4053 1117 4116; x_wconf 81' lang='lat' dir='ltr'><strong>S,</strong></span> <span class='ocrx_word' id='word_1_279' title='bbox 1137 4069 1187 4107; x_wconf 84' lang='lat' dir='ltr'><strong>om.</strong></span> <span class='ocrx_word' id='word_1_280' title='bbox 1207 4051 1304 4106; x_wconf 76' lang='lat' dir='ltr'><strong><em>MAA⁴</em></strong></span> 
     </span>
     <span class='ocr_line' id='line_1_33' title="bbox 157 4141 1304 4212; baseline -0.003 -14"><span class='ocrx_word' id='word_1_281' title='bbox 157 4142 332 4212; x_wconf 80' lang='lat' dir='ltr'><strong>deuangelii</strong></span> <span class='ocrx_word' id='word_1_282' title='bbox 348 4141 385 4196; x_wconf 80' lang='lat' dir='ltr'><strong><em>M</em></strong></span> <span class='ocrx_word' id='word_1_283' title='bbox 403 4141 423 4206; x_wconf 92' lang='lat' dir='ltr'><strong>(i</strong></span> <span class='ocrx_word' id='word_1_284' title='bbox 442 4143 491 4197; x_wconf 82' lang='lat' dir='ltr'><strong>alt.</strong></span> <span class='ocrx_word' id='word_1_285' title='bbox 510 4158 531 4196; x_wconf 82' lang='lat' dir='ltr'><strong>a.</strong></span> <span class='ocrx_word' id='word_1_286' title='bbox 550 4147 590 4207; x_wconf 78' lang='lat' dir='ltr'><strong>u.)</strong></span> <span class='ocrx_word' id='word_1_287' title='bbox 611 4141 736 4208; x_wconf 74' lang='lat' dir='ltr'><strong>euangeli</strong></span> <span class='ocrx_word' id='word_1_288' title='bbox 753 4143 781 4195; x_wconf 90' lang='lat' dir='ltr'>B</span> <span class='ocrx_word' id='word_1_289' title='bbox 868 4141 1056 4210; x_wconf 87' lang='lat' dir='ltr'><strong>comprobabit</strong></span> <span class='ocrx_word' id='word_1_290' title='bbox 1073 4141 1101 4194; x_wconf 92' lang='lat' dir='ltr'><strong><em>P</em></strong></span> <span class='ocrx_word' id='word_1_291' title='bbox 1173 4143 1205 4196; x_wconf 89' lang='lat'><strong>16</strong></span> <span class='ocrx_word' id='word_1_292' title='bbox 1224 4157 1304 4194; x_wconf 87' lang='lat' dir='ltr'><strong>noca·</strong></span> 
     </span>
     <span class='ocr_line' id='line_1_34' title="bbox 156 4229 1303 4300; baseline -0.001 -15"><span class='ocrx_word' id='word_1_293' title='bbox 156 4233 233 4285; x_wconf 89' lang='lat' dir='ltr'><strong>bitur</strong></span> <span class='ocrx_word' id='word_1_294' title='bbox 250 4232 278 4285; x_wconf 92' lang='lat' dir='ltr'><strong><em>P</em></strong></span> <span class='ocrx_word' id='word_1_295' title='bbox 296 4229 381 4284; x_wconf 85' lang='lat' dir='ltr'><strong>uocab</strong></span> <span class='ocrx_word' id='word_1_296' title='bbox 406 4231 431 4284; x_wconf 85' lang='lat' dir='ltr'><strong><em>V</em></strong></span> <span class='ocrx_word' id='word_1_297' title='bbox 491 4231 523 4285; x_wconf 83' lang='lat'><strong>17</strong></span> <span class='ocrx_word' id='word_1_298' title='bbox 542 4231 643 4284; x_wconf 87' lang='lat' dir='ltr'><strong>malum</strong></span> <span class='ocrx_word' id='word_1_299' title='bbox 661 4234 710 4284; x_wconf 87' lang='lat' dir='ltr'><strong>ant</strong></span> <span class='ocrx_word' id='word_1_300' title='bbox 727 4231 827 4284; x_wconf 89' lang='lat' dir='ltr'><strong>bonum</strong></span> <span class='ocrx_word' id='word_1_301' title='bbox 847 4231 973 4300; x_wconf 86' lang='lat' dir='ltr'><strong>quoniam</strong></span> <span class='ocrx_word' id='word_1_302' title='bbox 992 4231 1147 4300; x_wconf 85' lang='lat' dir='ltr'><strong>prinsquam</strong></span> <span class='ocrx_word' id='word_1_303' title='bbox 1166 4231 1235 4284; x_wconf 85' lang='lat' dir='ltr'><strong>sciat</strong></span> <span class='ocrx_word' id='word_1_304' title='bbox 1253 4247 1303 4285; x_wconf 88' lang='lat' dir='ltr'><strong>om.</strong></span> 
     </span>
     <span class='ocr_line' id='line_1_35' title="bbox 158 4319 1303 4375; baseline -0.002 -1"><span class='ocrx_word' id='word_1_305' title='bbox 158 4320 253 4375; x_wconf 77' lang='lat' dir='ltr'><strong>uPV</strong></span> <span class='ocrx_word' id='word_1_306' title='bbox 307 4321 341 4374; x_wconf 88' lang='grc'><strong>18</strong></span> <span class='ocrx_word' id='word_1_307' title='bbox 358 4319 458 4373; x_wconf 88' lang='lat' dir='ltr'><strong>bonurn</strong></span> <span class='ocrx_word' id='word_1_308' title='bbox 477 4324 525 4374; x_wconf 83' lang='lat' dir='ltr'><strong>out</strong></span> <span class='ocrx_word' id='word_1_309' title='bbox 542 4319 643 4373; x_wconf 83' lang='lat' dir='ltr'><strong>malurn</strong></span> <span class='ocrx_word' id='word_1_310' title='bbox 661 4320 699 4373; x_wconf 87' lang='lat' dir='ltr'><strong><em>M</em></strong></span> <span class='ocrx_word' id='word_1_311' title='bbox 714 4321 815 4373; x_wconf 87' lang='lat' dir='ltr'><strong>malam</strong></span> <span class='ocrx_word' id='word_1_312' title='bbox 834 4324 882 4373; x_wconf 86' lang='lat' dir='ltr'><strong>ant</strong></span> <span class='ocrx_word' id='word_1_313' title='bbox 901 4321 998 4372; x_wconf 87' lang='lat' dir='ltr'><strong>bonum</strong></span> <span class='ocrx_word' id='word_1_314' title='bbox 1019 4319 1241 4373; x_wconf 67' lang='lat' dir='ltr'><strong>Srlrl‘llI&#39;PP&#39;V</strong></span> <span class='ocrx_word' id='word_1_315' title='bbox 1256 4321 1303 4372; x_wconf 92' lang='lat' dir='ltr'><strong>bo·</strong></span> 
     </span>
     <span class='ocr_line' id='line_1_36' title="bbox 157 4408 1222 4478; baseline -0.001 -16"><span class='ocrx_word' id='word_1_316' title='bbox 157 4426 220 4462; x_wconf 88' lang='lat' dir='ltr'><strong>num</strong></span> <span class='ocrx_word' id='word_1_317' title='bbox 240 4413 269 4464; x_wconf 83' lang='lat' dir='ltr'><strong>et</strong></span> <span class='ocrx_word' id='word_1_318' title='bbox 286 4409 388 4462; x_wconf 87' lang='lat' dir='ltr'><strong>malum</strong></span> <span class='ocrx_word' id='word_1_319' title='bbox 406 4409 433 4461; x_wconf 90' lang='lat' dir='ltr'><em>B</em></span> <span class='ocrx_word' id='word_1_320' title='bbox 487 4410 523 4462; x_wconf 79' lang='lat'><strong>24</strong></span> <span class='ocrx_word' id='word_1_321' title='bbox 541 4413 638 4478; x_wconf 86' lang='lat' dir='ltr'><strong>utpute</strong></span> <span class='ocrx_word' id='word_1_322' title='bbox 656 4409 693 4462; x_wconf 85' lang='lat' dir='ltr'><em>M</em></span> <span class='ocrx_word' id='word_1_323' title='bbox 709 4416 733 4462; x_wconf 80' lang='lat' dir='ltr'><strong>et</strong></span> <span class='ocrx_word' id='word_1_324' title='bbox 752 4418 833 4472; x_wconf 88' lang='lat' dir='ltr'><strong>(corr.</strong></span> <span class='ocrx_word' id='word_1_325' title='bbox 855 4413 909 4478; x_wconf 69' lang='lat' dir='ltr'><strong>rr12)</strong></span> <span class='ocrx_word' id='word_1_326' title='bbox 931 4410 979 4464; x_wconf 81' lang='lat' dir='ltr'><strong>b&#39;P</strong></span> <span class='ocrx_word' id='word_1_327' title='bbox 1032 4409 1066 4462; x_wconf 81' lang='grc'><strong>26</strong></span> <span class='ocrx_word' id='word_1_328' title='bbox 1086 4409 1150 4478; x_wconf 81' lang='lat' dir='ltr'><strong>quia</strong></span> <span class='ocrx_word' id='word_1_329' title='bbox 1168 4408 1222 4462; x_wconf 90' lang='lat' dir='ltr'><strong>BP</strong></span> 
     </span>
    </p>
   </div>
   <div class='ocr_carea' id='block_1_5' title="bbox 0 0 1578 4967">
    <p class='ocr_par' dir='ltr' id='par_1_12' title="bbox 0 0 1578 4967">
     <span class='ocr_line' id='line_1_37' title="bbox 0 0 1578 4967; baseline 0 0"><span class='ocrx_word' id='word_1_330' title='bbox 0 0 1578 4967; x_wconf 95' lang='lat' dir='ltr'><strong> </strong></span> 
     </span>
    </p>
   </div>
  </div>
 </body>
</html>
