3142 4967
261 464 330 526 270
738 458 935 514 Ambrosii

263 655 365 719 nostri
397 654 583 719 memoriam
615 655 825 738 peruenisset,
858 656 920 719 nisi
953 656 1066 719 mulier
1095 654 1212 721 domini
1241 655 1310 720 eius
1339 674 1413 720 con·

261 761 439 825 tabernalis
472 760 582 843 ignitis
615 760 734 825 diaboli
771 760 904 844 spiculis
943 762 1076 826 incitata
1112 764 1305 844 temptasset
1342 762 1412 827 eins
1470 765 1487 817 Ε

261 868 425 946 affectum,
450 867 511 931 nisi
534 870 696 949 postremo
721 868 904 932 affectasset
927 868 996 931 eius
1020 867 1195 949 interitum,
1216 887 1279 950 quo
1300 868 1414 932 clarior

260 977 351 1038 esset
374 974 563 1039 castimonia
585 974 658 1051 uiri,
683 974 738 1056 qui
761 979 897 1039 mortem
919 993 975 1056 pro
1001 975 1149 1039 cast'tate
1174 975 1412 1057 contempserit.

262 1081 315 1146 uis
336 1082 416 1145 scire
437 1080 606 1146 consilium
625 1080 701 1145 dei?
721 1099 834 1163 nempe
853 1080 980 1145 diabolo
1000 1083 1129 1145 anctore
1148 1100 1243 1145 neces
1263 1082 1415 1146 uidentur
1443 1106 1454 1145 ⁵

263 1189 360 1253 iustis
375 1187 557 1252 hominibus
572 1187 760 1270 praeparari,
776 1188 910 1251 exerceri
931 1206 1057 1269 quoquc
1076 1187 1245 1270 parricidia
1263 1187 1414 1255 liliorum.

264 1300 404 1360 attamen
421 1294 568 1358 dominus
585 1294 742 1358 Abraham
762 1294 857 1357 etiam
878 1294 937 1357 hac
958 1296 1022 1357 ante
1042 1295 1223 1376 temptauit,
1246 1298 1283 1359 ut
1301 1296 1416 1359 immo-

264 1404 323 1467 lari
347 1402 409 1467 sibi
427 1402 530 1465 filium
551 1402 589 1465 ab
608 1400 720 1465 eodem
739 1402 927 1483 postularet.
948 1420 1010 1483 qua
1028 1401 1237 1482 temptatione
1255 1402 1414 1465 Abraham

263 1509 368 1574 fidelis
397 1512 447 1572 est
475 1508 602 1574 domino
631 1507 855 1589 conprobatus
886 1507 970 1589 quod
999 1528 1017 1571 a
1045 1507 1225 1573 deuotionis
1260 1504 1414 1591 obsequio

263 1635 323 1680 nec
347 1615 457 1679 dilecti
480 1614 538 1678 filii
561 1614 765 1679 miseratione
789 1618 958 1679 reuocatus
983 1618 1041 1680 est.
1066 1614 1112 1679 ita
1135 1633 1209 1699 ergo
1234 1618 1267 1679 et
1289 1614 1412 1698 lignum
1431 1618 1489 1679 roF

265 1721 419 1786 scientiae
448 1721 523 1785 boni
552 1724 584 1785 et
611 1721 688 1784 mali
715 1720 747 1785 in
775 1720 934 1802 paradiso,
964 1721 1046 1804 quod
1076 1724 1143 1786 erat
1167 1722 1351 1803 speciosum
1376 1720 1414 1784 ad

264 1829 373 1894 uisum
402 1832 434 1892 et
461 1828 580 1894 bonum
610 1827 648 1892 ad
677 1846 783 1892 escam
815 1828 921 1911 specie
945 1828 1133 1905 uidebatnr3
1158 1847 1218 1892 non
1243 1828 1327 1891 enim
1352 1846 1412 1890 nsn

264 1937 383 2000 bonum
412 1935 450 1998 ad
480 1954 585 1999 escam
610 1939 686 2010 erat,
712 1934 863 2016 quoniam
889 1954 962 1998 esca
985 1935 1053 1999 eius
1077 1934 1207 1998 uidetur
1230 1934 1412 1999 hominibus

264 2043 417 2108 obfuisse.
446 2060 520 2125 ergo
551 2044 601 2105 est
629 2042 714 2125 quod
743 2042 880 2125 singulis
905 2045 1028 2119 noceat,
1052 2042 1084 2105 in
1109 2059 1276 2106 commune
1300 2040 1411 2124 prosit.

264 2151 302 2211 ut
329 2149 426 2213 Iudae
450 2149 560 2213 nocuit
588 2148 743 2225 diabolus,
769 2148 826 2212 sed
849 2151 972 2230 praeter
994 2148 1087 2212 illum
1113 2167 1221 2213 omues
1246 2147 1409 2231 apostolos
1430 2174 1451 2213 u

265 2256 439 2333 coronauit,
464 2255 519 2337 qui
541 2255 683 2320 malitiae
707 2256 776 2318 eius
801 2258 1029 2336 temptamenta
1052 2255 1206 2320 uicerunt.

219 2372 262 2434 10
309 2360 421 2443 ltaque
453 2380 553 2443 neque
583 2360 795 2425 dubitandum
819 2380 920 2443 neque
945 2360 1236 2443 reprehendendum
1270 2360 1355 2441 quod
1377 2362 1409 2425 in
1453 2366 1497 2419 149
1509 2368 1527 2415 ,r

263 2468 407 2550 paradiso
437 2468 583 2533 diabolus
612 2473 688 2546 erat,
718 2468 974 2550 quandoquidem
1004 2468 1169 2533 occludere
1198 2468 1317 2532 sanctis
1347 2484 1409 2530 non

263 2574 370 2658 potuit
388 2575 458 2657 iter,
480 2594 518 2639 ue
538 2575 609 2657 quis
630 2574 832 2650 ascenderet3
853 2594 953 2657 neque
974 2576 1056 2639 enim
1070 2574 1165 2638 iustis
1181 2572 1410 2637 habitationem

263 2682 422 2746 incolatus
452 2686 614 2763 tamquam
642 2700 811 2763 possessor
839 2682 965 2764 eripuit.
1000 2683 1068 2745 esto
1102 2681 1184 2745 euim
1216 2682 1254 2743 ut
1286 2679 1409 2761 aliquos
1428 2702 1452 2741 ao

263 2789 390 2853 desides
429 2792 524 2871 atque
560 2789 696 2853 uitiosos
739 2788 777 2851 ab
819 2788 959 2853 incolatu
1003 2805 1157 2869 supernae
1198 2786 1410 2867 possessionis

262 2896 432 2960 arrerterit:
466 2894 547 2959 illud
580 2896 682 2959 multo
717 2896 887 2978 augustius
921 2894 1085 2975 multoque
1117 2891 1293 2974 pulchrius,
1327 2891 1411 2973 quod

263 3004 447 3065 sauctorum
472 3001 667 3065 orationibus
687 3001 881 3077 excludetur,
902 3019 974 3064 cum
994 3000 1176 3083 conpletum
1195 2998 1292 3062 fuerit
1310 2998 1409 3063 illud:

265 3105 454 3170 uidebam
480 3105 656 3171 Satanan
682 3107 791 3171 sicut
813 3106 955 3191 fulgur
978 3106 1022 3169 de
1046 3108 1159 3170 caelo
1188 3105 1408 3170 cadentem.
1467 3114 1486 3167 B
1557 3090 1558 3095 ἵ

261 3231 339 3295 ergo
376 3231 438 3276 non
475 3216 656 3278 metuamus
694 3234 779 3289 eum,
814 3214 868 3295 qui
902 3232 937 3277 eo
971 3232 1072 3295 usque
1105 3210 1248 3277 infirmus
1281 3216 1340 3289 est,
1374 3214 1451 3275 uta

261 3324 298 3382 et
333 3318 402 3401 ipse
439 3338 570 3385 casurus
607 3320 639 3384 in
675 3324 792 3384 terram
831 3320 884 3385 sit.
919 3320 1041 3404 accepit
1073 3319 1201 3401 quidem
1233 3318 1410 3400 temptandi

263 3424 436 3502 licentiam,
483 3427 538 3490 sed
584 3446 644 3491 non
692 3426 816 3509 accepit
857 3426 979 3509 copiam
1023 3426 1205 3505 subruendi,
1248 3426 1310 3489 nisi
1353 3442 1410 3489 sua

355 3634 457 3689 caen.
476 3635 521 3701 aa,
541 3636 555 3689 1
576 3652 615 3705 sq.
673 3636 705 3689 15
723 3634 789 3688 nuc.
809 3636 851 3697 aa,
872 3636 888 3689 3
943 3636 979 3689 24
996 3634 1061 3689 nuc.
1084 3636 1124 3701 ro,
1146 3636 1178 3689 rs

301 3756 318 3809 3
337 3757 492 3810 affectasset
509 3762 556 3810 m2
576 3775 609 3810 ex
628 3758 738 3810 affectos
759 3758 816 3823 (uel
834 3758 956 3824 affectus)
977 3758 1024 3812 sed
1046 3758 1070 3811 P
1159 3760 1175 3811 5
1193 3773 1304 3811 necesse
1323 3758 1351 3813 R
1371 3760 1410 3824 (se

261 3851 347 3912 eras.)
439 3846 562 3900 tetiam
582 3846 709 3900 abraham
728 3847 779 3899 hac
798 3846 831 3899 N
846 3846 974 3900 abraham
993 3846 1043 3900 huc
1062 3844 1189 3900 etiams
1294 3846 1411 3916 parteS

267 3934 301 3988 10
320 3938 362 3987 est
380 3951 430 3987 om.
445 3934 488 3996 M,
508 3936 545 3987 sit
558 3938 701 3988 reuocatus
716 3934 800 3989 SBP‘
858 3937 889 3988 12
910 3937 996 3989 uisum
1015 3936 1036 4004 (i
1050 3952 1070 3989 a.
1085 3940 1123 4000 u.)
1138 3934 1202 3988 PM
1217 3952 1296 3988 usum
1315 3934 1411 3989 V0·V'

301 4024 363 4092 usn]
383 4023 444 4076 uisu
462 4022 528 4077 ΒΜ
543 4025 632 4077 uisum
652 4024 735 4079 SBP¹
801 4026 833 4079 13
852 4025 991 4079 uideretur
1008 4024 1057 4079 SR
1119 4026 1151 4078 19
1170 4024 1251 4078 iustis
1270 4024 1298 4077 P
1316 4028 1343 4092 (a
1361 4024 1410 4077 si

265 4114 327 4178 ult,
344 4114 394 4166 sed
411 4118 491 4180 eras.)
564 4116 598 4168 22
618 4117 749 4169 auerterit
767 4116 795 4168 P
813 4120 851 4181 (-e
884 4122 964 4180 corr.)
1056 4114 1198 4185 angustius
1221 4114 1286 4168 Get
1305 4117 1333 4181 (u
1351 4128 1410 4167 sn

266 4202 324 4271 ηι2)
342 4202 384 4262 Μ,
405 4208 434 4270 (u
451 4204 641 4270 m2exn)S
702 4206 735 4259 23
756 4205 955 4260 excluditurN
1017 4206 1051 4259 24
1070 4208 1148 4259 satan
1167 4202 1194 4257 R
1213 4206 1336 4256 satanam
1355 4200 1413 4257 MS

266 4292 301 4343 25
321 4294 364 4343 est
381 4306 401 4343 e.
420 4309 448 4346 u.
466 4295 515 4345 aar?
532 4293 569 4345 M
637 4292 672 4347 26
690 4294 718 4346 in
737 4298 835 4347 terram
856 4312 965 4349 casurus
984 4295 1022 4349 sit
1039 4293 1106 4348 P⁴0⁴
1126 4308 1235 4349 casurus
1254 4292 1292 4346 sit
1309 4291 1337 4345 in
1356 4296 1410 4344 ter·

263 4395 324 4431 ram
341 4379 370 4432 B
423 4380 456 4433 22
476 4380 651 4435 subuerteudi
669 4382 735 4437 ΕΜ
739 4382 769 4436 17¹
842 4384 893 4437 nisi
914 4384 960 4453 qui
979 4401 1028 4438 sua
1045 4384 1083 4438 M
