3142 4967
404 463 552 516 Exameron
570 462 609 515 VI
627 466 652 525 5,
672 463 778 518 33-35
817 462 840 528 (Ι
862 464 911 517 125
931 462 1035 530 B-s).
1235 468 1299 530 227

154 679 253 739 equus
278 660 348 725 eius
370 660 614 741 perterrefactus
637 662 743 723 tantae
768 659 889 723 bestiae
913 660 1100 725 inmanitate
1129 659 1301 743 diffugiat?

155 769 228 852 quid
256 767 355 833 faciat
383 767 579 851 sagittarius,
608 784 682 831 curn
706 766 842 850 desuper
866 767 981 830 ferrata
1003 767 1145 831 uirorum
1170 785 1302 849 corpora

154 875 249 940 iaculi
273 875 375 938 ictum
399 873 516 939 sentire
539 892 601 937 non
623 874 760 956 possint,
783 874 889 939 bestia
913 892 1039 955 quoque
1062 893 1119 939 nec
1143 874 1228 938 nuda
1255 874 1299 937 fa-

153 983 212 1047 cile
252 981 459 1064 penetrabilis
500 981 582 1045 ferro
625 982 669 1045 sit
705 986 738 1045 et
772 980 899 1046 munita
935 980 1042 1045 loricis
1080 980 1191 1045 obuias
1229 982 1299 1045 sine

74 1092 135 1152 318
153 1090 202 1153 sui
225 1088 368 1170 periculo
393 1088 477 1152 acies
502 1090 597 1165 secet,
623 1090 767 1152 conterat
790 1090 939 1152 turmas?
962 1088 1069 1169 itaque
1093 1092 1130 1151 ut
1156 1089 1297 1151 inmensa

152 1195 293 1259 aedificia
324 1196 371 1259 ita
402 1194 554 1259 helefanti
586 1194 801 1259 fundamentis
835 1194 1043 1260 ualidioribus
1082 1195 1296 1269 sustinendum

152 1302 290 1383 alioquin
327 1302 491 1383 inparibus
532 1302 607 1365 fulti
647 1301 782 1385 pedibus
824 1302 907 1367 intra
946 1302 1075 1365 breuem
1116 1301 1341 1367 laberenturE

151 1416 297 1476 aetatem.
336 1430 420 1475 nunc
457 1413 564 1475 autern
600 1410 751 1474 trecentis
790 1413 823 1475 et
858 1410 996 1491 amplius
1033 1409 1176 1473 feruntur·
1208 1410 1297 1474 annis

150 1519 251 1582 uitam
279 1517 463 1601 producere,
493 1518 567 1599 quia
597 1518 702 1581 omnia
730 1516 792 1581 sibi
817 1516 856 1581 ad
880 1516 1132 1599 magnitudinem
1156 1516 1297 1580 membra

111 1644 135 1680 ιο
152 1624 356 1691 conueniunt.
392 1624 528 1705 ideoque
565 1642 626 1687 non
666 1622 810 1687 distincti
848 1627 885 1687 ut
920 1624 1022 1699 nobis,
1062 1624 1116 1688 sed
1151 1622 1297 1704 conpacti

151 1734 237 1795 artus
280 1734 365 1806 sunt,
407 1750 469 1811 quo
512 1730 577 1795 sint
616 1728 823 1795 robustiores.
866 1748 959 1811 quam
1002 1730 1064 1795 cito
1102 1729 1294 1806 hominibus,

150 1838 177 1901 si
214 1837 269 1901 diu
308 1838 456 1902 steterint
492 1841 548 1901 aut
583 1837 729 1901 uelocius
768 1836 962 1901 cucumerint
994 1838 1047 1901 uel
1080 1837 1199 1921 iugiter
1231 1856 1293 1901 am-

149 1944 340 2020 bulauen'nt,
387 1963 491 2028 genua
536 1948 689 2009 rrexantur
734 1948 767 2008 et
811 1946 958 2027 plantae!
1002 1944 1170 2009 coniuncta
1211 1942 1294 2007 enim

149 2056 180 2113 et
226 2050 395 2115 articulata
435 2051 561 2115 facilius
604 2070 698 2133 quam
741 2055 886 2115 concreta
926 2054 1021 2132 atque
1063 2050 1199 2116 solidata
1239 2055 1295 2113 aut

69 2157 132 2218 ase
149 2156 268 2221 doloris
305 2176 435 2222 sensum
468 2161 524 2221 aut
557 2176 685 2222 oausam
719 2158 903 2223 offensionis
937 2158 1119 2222 admittunt.
1153 2160 1186 2222 et
1217 2156 1338 2239 quidn‘

149 2263 283 2339 miraris,
322 2264 350 2328 si
386 2264 497 2328 uestiti
534 2264 629 2328 armis
662 2265 823 2343 timentur,
858 2264 1112 2347 quandoquidem
1144 2264 1292 2329 dentibus

148 2370 215 2434 suis
253 2374 416 2451 tamqnam
457 2371 657 2435 naturalibus
699 2372 832 2454 spiculis
875 2390 999 2453 semper
1040 2372 1151 2437 armati
1193 2374 1293 2437 sunt?

146 2477 346 2559 premoseide
382 2496 440 2541 sua
478 2477 634 2559 quidquid
669 2478 865 2545 inuoluerint
901 2479 1061 2563 frangunt,
1098 2478 1178 2561 pede
1215 2496 1292 2542 uero

147 2584 303 2666 quidquid
335 2585 567 2667 conpresserint
598 2585 691 2650 uelut
723 2586 860 2667 quodam
893 2587 984 2669 lapsu
1015 2585 1124 2649 ruinae
1153 2584 1291 2669 ingentis

103 2712 128 2749 ao
146 2692 337 2755 exanimant.
382 2691 554 2756 inuoluunt
598 2692 796 2773 promuscide
842 2711 970 2757 nemora
1011 2692 1050 2757 ad
1092 2690 1142 2755 sui
1185 2710 1289 2755 escam

146 2802 178 2860 et
206 2799 300 2880 quasi
327 2797 454 2881 quidam
480 2798 630 2863 altissimi
654 2798 805 2864 dracones
831 2799 1021 2883 serpentinis
1046 2818 1126 2881 quos
1151 2790 1291 2881 ceperint

145 2904 241 2986 spiris
269 2905 442 2989 flagellant.
471 2907 659 2988 plerumque
689 2925 742 2971 eas
771 2906 802 2969 in
833 2905 939 2970 orbem
966 2905 1131 2989 colligunt,
1156 2904 1290 2969 maxime

145 3030 219 3075 curn
252 3011 290 3075 de
322 3015 406 3075 terra
438 3012 528 3076 cibus
560 3012 681 3097 legitur
709 3016 765 3076 arat
792 3017 888 3095 potus
918 3012 1072 3076 hauritur.
1101 3012 1289 3077 documento

145 3116 253 3200 itaque
290 3118 382 3183 uobis
420 3122 504 3195 sunt,
538 3118 623 3201 quod
655 3118 735 3183 nihil
769 3118 965 3201 superfluum
999 3119 1042 3185 sit
1074 3122 1223 3185 creatum.
1258 3122 1290 3181 et

234 3364 250 3415 5
269 3362 331 3415 aas.
351 3362 401 3416 aor
421 3360 469 3415 an
488 3361 534 3431 (ss
553 3362 585 3429 a,
604 3362 638 3417 se
657 3362 692 3431 1)
742 3361 759 3415 8
777 3361 839 3415 aas.
860 3361 910 3416 201
931 3362 954 3416 s
975 3362 1020 3427 (88
1039 3362 1072 3429 Β)

181 3487 193 3539 1
214 3490 334 3555 perterre
354 3489 416 3549 (one.
435 3486 536 3552 factus)
558 3486 582 3538 C
653 3485 778 3556 diffugiat
798 3486 821 3541 S
838 3492 862 3540 et
881 3486 908 3539 B
921 3490 969 3541 m2
987 3486 1105 3555 difugiat
1124 3487 1203 3541 Busl
1221 3488 1290 3541 etM

144 3574 501 3645 m2defugiatMmlcet.
569 3573 802 3643 dobuiallt-as
824 3576 916 3645 uma)
980 3576 1289 3631 5secetflMBsecet

144 3669 171 3717 et
189 3664 253 3719 N‘s
311 3665 327 3719 6
346 3662 480 3718 heleianti
501 3664 653 3719 Celesanti
675 3664 701 3719 G
721 3666 747 3734 (8
767 3666 815 3719 ult.
836 3680 869 3719 ec
887 3666 907 3731 i)
927 3672 974 3720 cet.
1037 3666 1053 3719 8
1073 3669 1102 3719 ct
1121 3670 1212 3732 (eras.)
1232 3672 1287 3718 tre-

142 3754 229 3807 centis
247 3753 275 3806 B
358 3754 390 3806 10
409 3752 533 3806 distincti
554 3753 578 3808 C
595 3758 660 3818 (88.
681 3754 719 3823 a.)
793 3754 973 3824 cumpactiC
1044 3755 1074 3807 ll
1097 3770 1149 3823 quo
1169 3756 1225 3817 sint
1243 3770 1285 3807 ro-

141 3840 277 3895 bustiores
294 3856 315 3895 s.
335 3857 361 3895 u.
385 3840 409 3894 0
444 3842 477 3895 14
497 3846 639 3895 concreata
660 3842 683 3893 C
700 3847 725 3896 et
744 3845 771 3906 (a
788 3858 830 3911 pr.
850 3842 921 3912 exp.)
938 3842 991 3897 GP
1009 3846 1099 3896 creata
1118 3842 1141 3896 V
1178 3842 1210 3895 17
1225 3859 1285 3911 spe·

141 3931 209 3984 culis
228 3928 252 3981 Π
273 3934 353 3995 (corr.
372 3932 420 3983 m2
441 3930 477 4000 θ)
570 3930 603 3983 18
622 3930 791 4000 promuscide
811 3935 858 3984 m2
874 3932 927 3985 GP
939 3937 963 3985 ct
981 3936 1008 3995 (a
1027 3935 1074 3984 m2
1092 3948 1113 3987 s.
1133 3936 1158 3998 8)
1178 3930 1205 3983 Β
1223 3948 1284 3999 pro·

139 4018 304 4075 musciacas
325 4019 382 4085 (·de
400 4022 457 4085 nrt)
477 4018 520 4073 Μ’
539 4019 726 4089 promuschide
745 4020 776 4075 91⁴
845 4037 908 4073 uero
929 4037 979 4073 om.
1004 4019 1058 4073 VN
1109 4021 1140 4073 19
1160 4018 1243 4073 uelud
1264 4018 1287 4071 0

175 4108 268 4177 lapsus
289 4113 312 4175 (s
332 4113 413 4174 eras)
435 4108 491 4172 ΟΡ,
512 4112 536 4173 (s
554 4115 625 4177 cup.)
649 4108 674 4163 G
746 4110 781 4163 20
801 4108 961 4179 promoscidi
983 4108 1190 4179 Cpromoscide
1216 4108 1283 4177 Vto

139 4198 188 4251 alt.
208 4198 240 4251 in
258 4203 325 4263 ras.)
345 4197 515 4266 promuscide
532 4197 570 4251 N'
590 4204 615 4251 et
633 4201 680 4251 m2
701 4197 754 4252 GP
771 4198 930 4268 proboscide
946 4198 969 4253 S
1038 4215 1099 4251 esca
1114 4197 1163 4251 CV
1182 4196 1284 4251 escaG

138 4290 313 4352 (11288888)
352 4288 386 4341 23
401 4287 504 4340 auritur
521 4286 598 4341 OPV
610 4293 635 4341 et
650 4293 731 4351 (corr.
745 4290 803 4355 m2)
822 4286 875 4340 GB
894 4290 1051 4345 aurieturtl
1069 4288 1154 4358 (haur.
1169 4290 1225 4355 m2)
1241 4286 1285 4340 Μ’

173 4374 338 4428 documenta
359 4374 412 4427 CV
427 4381 471 4429 -tn
492 4374 545 4429 GP

1198 4483 1246 4536 15*
