3142 4967
271 434 313 498 50
746 428 945 485 Ambrosii

271 626 352 690 exire
384 625 484 690 nubes
518 625 555 689 de
586 624 760 690 montibus.
794 643 910 707 quaero
943 628 1051 689 utrum
1080 625 1119 690 de
1146 627 1239 692 terris
1268 630 1421 695 ascendat

271 750 352 815 aque
381 752 419 797 en
448 752 484 797 ea
512 750 592 814 quae
621 750 717 814 super
744 732 850 796 caelos
875 730 1036 817 estlorgo
1058 732 1160 798 imbre
1184 732 1364 802 descendat.
1389 738 1419 802 si

270 838 423 916 ascendit,
447 838 558 920 utique
582 840 691 903 contra
714 841 860 903 naturam
884 840 943 916 est,
966 841 1004 903 ut
1027 839 1177 905 ascendat
1199 842 1231 904 in
1255 842 1420 924 superiora
1487 854 1515 907 1)

270 962 349 1028 quae
379 944 506 1029 grauior
533 948 583 1009 est
610 947 644 1010 et
664 946 810 1028 portetur
833 964 913 1021 aero,
938 964 1011 1009 curn
1036 964 1089 1009 aer
1112 946 1261 1012 subtilior
1284 948 1337 1015 sit.
1362 954 1421 1014 aut

270 1051 299 1115 si
331 1050 446 1117 conciti
480 1052 564 1116 orbis
596 1052 697 1117 totius
729 1054 819 1117 motu
851 1052 973 1134 rapitur
1005 1071 1098 1135 equa,
1132 1053 1217 1118 sicut
1246 1053 1312 1121 imo
1341 1056 1418 1120 orbe
1453 1078 1468 1117 s

269 1158 391 1241 rapitur·
418 1158 464 1223 ite
493 1177 618 1224 summo
647 1159 721 1224 orbe
750 1157 946 1223 diffunditur.
972 1158 999 1223 si
1022 1159 1122 1237 fundi,
1147 1162 1185 1224 ut
1206 1162 1331 1241 uolunt,
1354 1180 1418 1226 nou

269 1264 396 1343 desinit,
429 1264 538 1348 utique
571 1284 632 1331 non
665 1264 782 1330 desinit
813 1266 891 1348 rapi,
924 1266 999 1347 quia
1030 1266 1059 1330 si
1091 1268 1157 1332 aris
1186 1268 1265 1332 caeli
1293 1288 1421 1353 semper

269 1374 427 1449 mouetur,
457 1374 489 1437 et
517 1391 599 1454 equa
625 1390 749 1455 semper
775 1372 931 1437 hauritur.
961 1373 988 1437 si
1013 1373 1186 1451 deseendit,
1210 1378 1320 1440 manet
1341 1395 1419 1459 ergo

269 1478 388 1561 iugiter
411 1496 508 1561 supra
530 1479 646 1555 caelos,
672 1496 752 1560 quae
774 1479 871 1543 babet
894 1478 977 1543 unde
1001 1479 1181 1545 descendet.
1205 1480 1317 1546 deinde
1341 1482 1419 1564 quid

271 1584 388 1661 obstet,
419 1586 446 1651 si
476 1584 686 1650 confiteantur
713 1586 788 1669 quia
816 1605 897 1670 aqua
920 1605 1016 1670 super
1039 1588 1145 1651 caelos
1169 1607 1325 1671 suspensa
1347 1589 1417 1653 sit?
1439 1612 1467 1650 ιο

270 1710 343 1755 nam
371 1709 433 1773 quo
461 1691 559 1756 uerbo
588 1690 699 1756 dicunt
725 1695 841 1755 terram
868 1692 901 1756 in
928 1691 1033 1757 medio
1062 1710 1133 1757 esse
1162 1712 1351 1775 suspensam
1383 1698 1417 1758 et
1482 1710 1507 1763 E

270 1798 468 1863 immobilem
496 1817 632 1877 manere,
662 1816 735 1863 curn
763 1799 874 1883 utique
902 1799 1030 1883 grauior
1058 1798 1102 1864 sit
1128 1818 1223 1881 quam
1247 1803 1355 1881 aqua?
1379 1818 1415 1865 cs

269 1906 390 1971 ratione
422 1906 557 1988 possunt
589 1904 693 1970 dicere
725 1924 787 1970 non
820 1904 1020 1989 praecipitari
1053 1924 1166 1989 aquarn
1205 1906 1289 1971 orbis
1326 1906 1415 1971 illius

271 2012 417 2078 caelestis
443 2012 658 2090 consensione,
682 2031 762 2094 quee
786 2032 883 2095 super
905 2012 1010 2077 caelos
1034 2016 1094 2077 est.
1118 2014 1309 2079 sicutenim
1332 2016 1416 2078 terre

270 2121 349 2192 (in)
371 2120 456 2185 inani
481 2118 685 2203 suspenditur
707 2120 762 2184 uel
784 2120 922 2203 pondere
944 2118 1059 2185 librato
1083 2119 1223 2203 undique
1240 2120 1415 2186 immobilis
1437 2142 1467 2183 rs

269 2230 462 2310 perseuerat,
485 2226 530 2291 ite
554 2228 585 2290 et
614 2246 696 2309 aqua
719 2228 775 2291 aut
798 2226 999 2310 grauioribus
1023 2228 1079 2291 aut
1101 2226 1210 2309 aequis
1235 2245 1308 2292 curu
1332 2232 1417 2293 terra

268 2334 461 2417 ponderibus
486 2334 691 2397 examinetur.
715 2332 851 2415 ideoque
874 2352 936 2398 uon
959 2333 1053 2398 facile
1073 2333 1313 2416 superfunditur
1329 2354 1415 2400 mare

218 2450 259 2513 12
269 2440 370 2517 terris,
382 2440 444 2504 nisi
454 2459 527 2505 cum
537 2439 666 2504 iubetur
680 2438 773 2505 exire.
789 2439 902 2504 deinde
917 2458 990 2505 curn
1003 2440 1067 2521 ipsi
1082 2439 1190 2505 dicant
1203 2441 1292 2505 uolui
1308 2442 1415 2508 orbem
1481 2458 1506 2511 Ρ

270 2548 349 2613 caeli
378 2546 481 2611 stellis
506 2546 688 2611 ardentibus
711 2546 935 2631 refulgentem,
958 2566 1061 2613 noune
1084 2547 1193 2612 diuina
1215 2548 1416 2632 prouidentia

268 2654 446 2720 necessario
465 2654 636 2737 prospexit,
655 2656 693 2718 ut
710 2652 793 2717 intra
808 2654 916 2718 orbem
932 2655 1011 2719 caeli
1026 2657 1059 2719 et
1072 2674 1168 2737 supra
1184 2655 1292 2721 orbem
1303 2656 1416 2721 rodun·
1434 2678 1465 2717 oo

269 2760 359 2824 deret
372 2778 463 2843 eque,
480 2778 560 2841 quae
571 2759 627 2823 illa
636 2760 790 2824 feruentis
801 2761 868 2825 axis
878 2761 1022 2825 incendia
1031 2762 1242 2845 temperaret?
1251 2767 1417 2845 propterea

270 2866 344 2949 quie
354 2866 583 2949 exundatiguis
596 2870 627 2930 et
637 2866 751 2943 seruet,
763 2866 1132 2949 etiamequaerundeuit
1142 2868 1174 2931 in
1190 2868 1293 2948 terris,
1308 2889 1347 2934 ne
1362 2890 1416 2934 eas

270 2974 430 3057 surgentis
451 2972 529 3039 solis
549 2976 582 3037 et
600 2974 764 3039 stellarum
783 2974 970 3039 micantium
990 2974 1083 3039 ardor
1101 2980 1243 3040 exureret
1261 2980 1294 3040 et
1308 2980 1416 3040 tenere

268 3098 374 3146 rerum
394 3080 519 3145 exordia
536 3080 687 3146 insolitus
702 3100 803 3164 uepor
815 3081 964 3146 laederet.
982 3082 1092 3164 quenti
1106 3081 1210 3147 fontes
1221 3082 1313 3147 fluuii
1324 3084 1414 3147 locus

268 3186 408 3271 inrigant
431 3191 540 3265 terras,
565 3186 639 3270 quie
663 3206 715 3253 eas
738 3188 880 3253 internus
904 3186 1033 3270 quidam
1052 3188 1136 3273 ignis
1156 3192 1303 3272 uaporat!
1332 3189 1414 3254 unde
1431 3218 1459 3258 as
1478 3196 1543 3251 283

270 3294 351 3359 enim
390 3298 444 3358 aut
477 3293 603 3360 arbores
637 3295 850 3379 germinarent
882 3299 940 3358 eut
970 3296 1129 3359 frumenta
1160 3297 1214 3361 uel
1245 3300 1316 3361 seta
1346 3316 1416 3379 pro-

268 3404 450 3483 rumperent
471 3400 526 3465 uel
549 3404 619 3465 orta
641 3403 862 3483 coquerentur,
887 3400 950 3465 nisi
973 3420 1011 3465 ee
1033 3402 1163 3467 interior
1187 3422 1313 3485 quoque
1330 3404 1415 3487 iguis

362 3592 394 3645 rs
414 3590 494 3647 euru.
513 3592 578 3646 uer.
598 3592 612 3645 r
632 3593 665 3646 ra
684 3608 723 3662 sq.
825 3592 858 3646 rs
876 3592 938 3649 nas.
959 3594 994 3648 ea
1013 3591 1060 3647 cn
1081 3593 1126 3659 (er
1145 3593 1203 3663 se)
1221 3594 1286 3648 nra.
1307 3594 1416 3653 oenc.
1444 3566 1446 3570 ’

268 3695 318 3735 rer.
340 3682 381 3745 14,
401 3682 417 3735 2
472 3681 507 3735 20
525 3679 590 3734 Isid.
610 3679 644 3735 de
662 3683 719 3735 nat.
738 3698 788 3735 rer.
810 3682 852 3745 12,
871 3683 889 3735 4
943 3682 977 3736 23
997 3681 1077 3752 Uerg.
1096 3682 1153 3736 Ecl.
1173 3682 1211 3737 VI
1231 3684 1266 3739 33
1285 3700 1325 3754 sq.

305 3805 321 3859 5
340 3804 413 3857 orbis
431 3804 517 3857 totius
537 3803 609 3857 orbis
629 3802 663 3870 Π,
675 3804 746 3872 fort.
765 3805 852 3859 totius
871 3804 944 3859 orbis
961 3804 1135 3860 sorbendum
1212 3806 1228 3859 7
1247 3806 1342 3877 utique
1360 3824 1414 3861 non

270 3891 371 3946 desinit
390 3893 422 3945 iu
439 3908 495 3947 ras.
514 3896 557 3946 ml
578 3892 602 3946 0
689 3894 706 3947 8
726 3891 872 3947 auntorss
893 3897 974 3959 (corr.
993 3897 1040 3948 nr2
1061 3894 1097 3960 G)
1194 3894 1331 3949 discendit
1351 3896 1417 3950 Get

271 3985 362 4048 (corr.)
384 3980 411 4035 G
429 3980 570 4035 distendet
590 3982 670 4047 (corr.
692 3981 843 4050 deseendit)
861 3982 889 4035 P
965 3998 1028 4053 ergo
1048 3998 1118 4037 erae.
1140 3982 1164 4036 C
1251 3984 1268 4038 9
1287 4001 1369 4055 super
1389 3984 1416 4039 G

308 4068 445 4123 discindat
466 4070 654 4125 edessenunt
674 4074 699 4136 (e
713 4088 758 4140 pr.
778 4088 813 4125 cx
829 4070 850 4142 i)
871 4070 897 4127 G
961 4072 995 4127 10
1013 4089 1095 4143 supra
1112 4070 1146 4126 N
1216 4074 1248 4128 15
1267 4074 1295 4127 in
1316 4073 1418 4128 audiui

304 4157 380 4211 inani
397 4158 456 4213 MS
472 4160 559 4213 inanis
578 4165 625 4214 eet.
671 4160 704 4214 18
722 4161 781 4230 ipsc
801 4160 880 4231 (corr.
898 4164 956 4226 ωδ)
979 4160 1100 4227 O(corr.
1120 4165 1177 4229 m2)
1200 4161 1253 4216 GP
1287 4164 1322 4216 24
1340 4163 1417 4216 lacos

272 4245 338 4301 Oet
357 4250 437 4313 (corr.
456 4248 508 4318 ml)
529 4248 584 4303 GP
636 4250 670 4303 27
690 4252 919 4319 conquererentur
940 4248 964 4304 0
981 4253 1010 4319 (n
1028 4256 1053 4303 ct
1071 4266 1159 4320 repr.
1178 4253 1261 4321 crue)
1279 4250 1305 4306 G
1324 4255 1353 4317 (n
1369 4268 1417 4321 pr.

269 4334 351 4405 cros.)
368 4334 397 4389 P
415 4335 435 4404 (i
453 4352 474 4390 s.
495 4340 580 4405 opr.)
601 4341 803 4408 quoquerentur
820 4338 848 4391 B
