3142 4967
362 473 404 528 ne
423 472 548 545 paradiso
568 457 720 537 sna-14
758 472 784 539 (Ι
803 472 853 529 ue
873 472 985 527 n-rso
1003 472 1043 541 up.
1211 476 1277 541 273

133 676 278 735 terram
302 669 462 748 Euilat‚
485 669 554 733 ubi
577 672 640 734 est
663 688 815 733 aurum.
839 671 973 733 terrae
996 650 1129 733 autern
1153 667 1275 733 iliius

135 797 268 842 aurum
302 777 449 842 bouum
482 780 561 855 est,
594 777 662 841 ubi
695 780 759 841 est
792 777 1068 842 carbunculus
1098 782 1138 842 et
1164 778 1273 861 lapis

134 885 332 967 prasinae.
358 887 398 949 et
420 903 560 949 nornen
585 885 765 949 seeundo
791 883 916 961 Goon3
942 884 1007 948 hio
1032 884 1182 968 estqui
1202 886 1272 949 cir-

135 992 215 1056 cuit
232 990 676 1073 omnemdethiopiam.
696 992 734 1055 et
752 991 906 1055 fiumen
926 991 1095 1056 tertium
1114 990 1271 1074 Tigrim

111 1099 195 1162 shie
218 1100 281 1163 est
304 1099 370 1180 qui
394 1098 513 1163 uadit
534 1102 676 1163 eontra
698 1098 905 1182 Assyrios.
931 1101 970 1163 et
988 1098 1142 1163 fiumen
1163 1116 1273 1180 quar-

133 1209 209 1269 tum
229 1208 292 1269 est
310 1204 553 1287 Euphrates.
571 1206 650 1269 haee
669 1205 768 1289 igitur
788 1208 938 1286 quattuor
957 1208 1033 1269 sunt
1049 1204 1192 1283 fiumina,
1211 1204 1273 1269 hoe

131 1314 178 1375 est
186 1312 304 1376 Phison
318 1348 362 1357 -
378 1312 554 1376 seeundum
568 1313 731 1377 Hebraeos
745 1312 865 1377 Phison
882 1312 1007 1389 dieitur,
1024 1310 1151 1395 Ganges
1167 1316 1273 1376 autem

132 1417 301 1482 seeundum
331 1416 469 1483 Graecos
497 1456 552 1498 —‚
581 1420 637 1502 qui
664 1420 737 1483 fluit
760 1422 870 1485 eontra
893 1420 1025 1485 Indiam.
1052 1418 1140 1483 Geon
1165 1422 1317 1483 autema

130 1523 230 1603 Nilus,
249 1524 305 1606 qui
324 1525 438 1589 eirouit
456 1528 572 1590 terram
585 1526 726 1610 Aegypti
740 1526 793 1591 uel
805 1525 1018 1609 Aethiopiam.
1039 1524 1273 1609 Mesopotamia

90 1650 114 1691 ιο
131 1634 235 1694 antem
259 1630 387 1710 dieitur,
412 1632 496 1712 quod
520 1632 624 1717 Tigris
649 1636 682 1696 et
703 1633 884 1715 Euphrates
908 1632 1097 1697 incluserint
1125 1651 1204 1711 eam,
1234 1651 1269 1697 eo

129 1737 210 1818 quod
232 1737 315 1802 inter
337 1738 400 1803 duo
424 1738 503 1802 haee
525 1739 657 1805 fiumina
680 1739 857 1803 constituta
880 1739 933 1817 sit,
959 1738 1043 1820 quod
1063 1738 1159 1803 etiam
1178 1740 1272 1823 longe

128 1844 239 1926 positis
262 1863 376 1909 nomen
399 1844 506 1927 ipsum
526 1850 559 1909 et
578 1846 683 1929 opinio
704 1845 882 1911 eommunis
902 1846 1065 1929 expressit.
1087 1845 1142 1909 sed
1163 1865 1271 1928 quem-

129 1951 296 2015 admodum
319 1951 390 2016 fons
414 1951 531 2015 dieitur
555 1952 712 2034 sapientia
735 1952 812 2015 dei?
832 1951 901 2017 fons
922 1952 1005 2015 enim
1025 1954 1075 2015 est
1094 1952 1270 2017 seeundum

130 2058 330 2141 euangelium
345 2057 471 2122 dicens:
487 2058 521 2122 si
540 2059 633 2140 quis
654 2058 766 2138 sitit,
786 2058 928 2123 ueniat
947 2058 991 2123 ad
1010 2078 1067 2122 me
1088 2061 1127 2123 et
1144 2059 1269 2139 bibat,

88 2186 111 2224 1⁵
127 2164 195 2228 fons
219 2166 270 2229 est
292 2167 325 2228 et
348 2164 524 2228 seeundum
547 2164 744 2249 prophetam,
769 2165 825 2246 qui
849 2166 909 2229 ait:
934 2166 1073 2230 uenite
1097 2168 1136 2229 et
1160 2165 1270 2229 edite

128 2270 171 2334 de
206 2270 308 2335 meis
346 2271 520 2354 panibus
559 2274 597 2335 et
628 2272 762 2336 bibite
794 2272 949 2348 uinum,
984 2272 1088 2354 quod
1120 2272 1313 2337 misouiD

127 2378 253 2442 uobis.
279 2378 364 2442 sieut
387 2398 461 2462 ergo
485 2378 556 2443 fons
580 2379 666 2443 uitae
691 2382 741 2443 est
760 2379 927 2462 sapientia,
946 2378 1017 2445 fons
1039 2380 1159 2463 gratiae
1179 2379 1269 2461 spiri-

128 2484 208 2563 talis,
235 2484 283 2548 ita
310 2485 382 2549 fone
406 2486 565 2549 uirtutum
589 2488 639 2549 eet
663 2488 850 2564 ceterarum,
874 2504 953 2567 quae
978 2506 1035 2551 nos
1060 2486 1099 2550 ad
1123 2490 1268 2551 aeternae

129 2609 254 2655 cursum
282 2591 424 2675 dirigunt
450 2592 548 2657 uitae.
577 2612 613 2656 en
639 2592 700 2656 hae
727 2592 828 2677 igitur
855 2592 968 2674 anima,
994 2611 1074 2674 quae
1098 2592 1267 2668 animast,

86 2717 185 2761 eonon
214 2717 251 2763 er
280 2716 317 2762 ea
344 2717 425 2779 quae
452 2698 574 2763 inculta
600 2699 672 2763 fone
700 2698 762 2763 iste
789 2698 942 2782 procedit,
971 2702 1009 2762 ut
1035 2698 1154 2782 inriget
1180 2718 1268 2781 para-

126 2804 241 2881 disum,
254 2804 316 2869 hoe
335 2808 385 2869 est
403 2804 559 2887 quaedam
576 2805 775 2870 diuersarum
792 2806 930 2869 frutecta
947 2806 1114 2884 uirtutum,
1135 2824 1267 2887 quarum

9 2997 10 3000 Ἴ
125 2914 199 2975 eunt
230 2915 381 2993 quattuor
412 2911 514 2989 initia,
546 2912 579 2975 in
612 2932 693 2996 quae
721 2912 878 2995 sapientia
904 2914 968 2977 ista
996 2912 1159 2979 diuiditur.
1188 2932 1268 2993 quae

125 3020 198 3081 sunt
231 3021 382 3100 quattuor
412 3018 506 3082 initia
537 3018 695 3082 uirtutum
728 3018 791 3083 nisi
823 3039 923 3085 unum
954 3018 1150 3103 prudentiae,
1180 3019 1268 3084 aliud

9 3123 10 3148 ¹
122 3125 356 3207 temperantiae,
389 3126 521 3189 tertium
553 3125 762 3203 fortitudinis,
797 3130 945 3209 quartum
978 3126 1147 3193 iust'tiae?
1185 3133 1311 3208 quaeis}

9 3309 10 3312 Ἴ
79 3256 105 3296 a
123 3232 216 3295 etiarn
240 3230 399 3313 sapientes
422 3231 518 3295 istius
541 3232 653 3296 muudi
678 3252 713 3297 er
736 3234 853 3298 nostris
878 3234 1048 3317 adsumpta
1071 3234 1103 3297 in
1133 3252 1263 3299 suorum

9 3343 10 3346 ’
122 3337 239 3420 scripta
260 3338 415 3403 librorum
437 3340 679 3405 transtulerunt.
703 3340 812 3422 itaque
836 3340 921 3405 sieut
939 3342 1010 3406 fons
1031 3340 1186 3421 sapientia
1205 3344 1266 3417 est,

208 3598 242 3652 14
264 3598 323 3654 Ioh.
343 3600 368 3664 7,
387 3600 421 3653 37
496 3601 528 3654 15
551 3600 682 3656 Prouerb.
700 3601 727 3666 9,
746 3602 762 3656 5
835 3602 872 3654 22
894 3600 972 3655 Philo
991 3600 1077 3670 Legg.
1097 3600 1178 3669 alleg.
1197 3599 1211 3653 I
1232 3600 1265 3654 19

118 3687 172 3752 (56,
191 3688 220 3750 a;
239 3686 255 3740 1
272 3688 315 3751 77,
336 3687 370 3740 12
391 3686 432 3753 Ο.)
453 3686 564 3753 Quaest.
582 3687 596 3741 1
616 3688 649 3741 12

153 3862 166 3916 1
187 3864 277 3915 terrae
293 3862 321 3915 P
338 3863 363 3934 (r
382 3863 432 3917 alt.
451 3876 472 3916 e.
486 3868 527 3929 a.)
582 3863 598 3918 2
618 3864 657 3917 ibi
672 3869 735 3926 (om.
751 3868 803 3929 est)
819 3862 855 3917 Μ
925 3864 1100 3918 carbunculus
1115 3862 1142 3917 R
1157 3866 1185 3929 (v
1198 3878 1220 3916 s.
1236 3865 1262 3926 o)

116 3950 132 4004 3
151 3950 271 4003 seeundo
289 3950 318 4005 R
337 3954 364 4017 (o
384 3968 417 4004 ex
434 3949 490 4020 um)
509 3951 621 4005 secundi
639 3952 779 4006 SP'PW‘
797 3954 849 4006 sodi
868 3953 895 4007 R
967 3953 1031 4021 gion
1049 3952 1121 4006 RP'‘
1140 3968 1212 4020 gyon
1233 3950 1264 4003 C‘

114 4037 341 4108 aethyopiamre
356 4040 528 4110 aethyopiam
543 4040 576 4094 P
631 4041 771 4096 5assirioe
785 4041 867 4096 PVO
917 4042 1067 4097 teufrates
1083 4040 1265 4109 librtsemper

114 4127 353 4197 9ettryopiamR
371 4130 398 4196 (o
416 4144 438 4183 e.
458 4134 497 4197 a.)
555 4130 589 4183 10
607 4146 660 4199 quo
678 4130 739 4183 1³0⁴
805 4132 837 4184 13
857 4131 901 4184 dei
920 4147 970 4185 om.
990 4129 1056 4185 RV*
1119 4128 1151 4183 14
1171 4127 1262 4182 dicens

114 4217 208 4271 om.R
244 4217 278 4270 21
293 4218 473 4286 quaeiemP
524 4218 632 4287 frugum
651 4220 767 4275 tectaR
786 4222 841 4290 (um
857 4237 915 4288 eap.
930 4222 988 4284 m2)
1004 4218 1110 4287 frugum
1128 4217 1211 4272 techa
1230 4217 1262 4269 V‘

113 4305 250 4359 fructuum
264 4306 385 4359 teetaM
419 4308 454 4360 22
469 4323 539 4376 qnae
548 4309 605 4376 pu]
616 4324 669 4376 qua
678 4308 792 4363 Pace
830 4310 865 4362 24
878 4307 1060 4376 fortitudinis]
1075 4306 1185 4361 uirtutis
1196 4306 1263 4361 RV‘

113 4394 148 4447 26
167 4393 330 4447 transtulere
343 4394 378 4448 N
445 4396 581 4465 sapientia
600 4400 642 4450 est
659 4398 765 4466 seipsi,
780 4398 915 4469 sapientia
931 4397 1008 4453 Codro
1027 4396 1177 4467 sapientiae
1197 4396 1265 4451 laert

138 4518 232 4561 xxxn.
247 4518 328 4561 umor.
340 4530 393 4570 pm
406 4522 427 4571 1,
437 4520 494 4561 rm.
509 4524 529 4564 ι.
1194 4502 1227 4557 18
