3142 4967
275 446 340 508 354
751 440 945 495 Ambrosii

275 637 397 720 poris.
426 639 503 702 bene
530 636 562 701 in
590 639 762 714 momento,
793 635 867 719 quia
896 635 1046 700 diuturna
1079 655 1149 700 esse
1182 655 1242 700 non
1277 638 1419 720 possunt.

275 745 441 825 paululum
472 745 611 825 expecta,
640 747 674 807 et
701 744 764 808 cito
793 745 967 836 transeunt.
996 742 1105 824 itaque
1133 741 1189 824 qui
1212 745 1364 807 secuntur
1386 761 1420 806 ea

274 852 306 914 in
331 854 438 915 monta
468 851 530 915 sibi
558 850 717 928 uidentur,
748 850 804 914 sed
832 870 892 914 non
921 853 998 915 sunt
1024 850 1180 932 perpetui,
1211 849 1296 914 sicut
1324 849 1420 914 habes

277 957 448 1040 scriptum:
473 957 559 1022 uidi
583 958 752 1039 impium
776 957 1129 1041 superexaltatum
1154 959 1192 1020 et
1215 957 1418 1021 eleuatum
1462 959 1553 1046 lars]

276 1083 398 1146 super
435 1063 604 1128 caedros
642 1064 802 1128 Libani:
842 1066 880 1128 et
916 1063 1110 1139 transiui,
1151 1067 1190 1128 et
1222 1083 1315 1128 ecce
1348 1083 1420 1128 non
1452 1087 1462 1124 e
1552 1091 1553 1166 p

276 1174 372 1236 erat.
411 1171 467 1235 sed
500 1171 553 1252 qui
586 1171 713 1235 maximi
746 1190 783 1235 ea
814 1171 892 1234 facit
925 1171 1052 1234 adorare
1085 1170 1213 1236 uidetur
1249 1170 1421 1243 diabolum,

277 1277 369 1341 cuius
395 1278 492 1342 deris
514 1281 658 1342 uenter
676 1280 740 1342 est
758 1281 798 1342 et
816 1277 854 1341 in
873 1277 1076 1361 pudendis
1097 1278 1240 1362 gloria.
1260 1283 1296 1341 tu
1316 1281 1421 1342 autem
1552 1357 1553 1362 ἵ

276 1384 307 1446 in
332 1384 390 1447 deo
415 1384 548 1466 gloriam
573 1403 698 1466 quaere,
719 1385 773 1465 qui
793 1383 851 1448 tibi
872 1384 930 1448 ait:
955 1384 1155 1449 dominum
1177 1383 1288 1447 deum
1310 1387 1420 1448 tuum

277 1490 470 1555 adorabis
502 1493 542 1554 et
570 1491 652 1572 ipsi
683 1490 764 1555 soli
796 1492 967 1568 seruies,
992 1509 1010 1553 a
1034 1511 1095 1573 quo
1121 1494 1246 1555 aeterna
1275 1490 1422 1572 accipias,
1552 1465 1553 1484 Χ

277 1617 337 1660 non
361 1597 558 1679 temporalia.
677 1579 680 1583 ἢ
1441 1621 1462 1658 a

225 1703 264 1765 17
322 1703 438 1768 Tamen
473 1703 500 1767 si
534 1723 628 1785 quern
662 1704 758 1767 etiarn
790 1703 853 1768 ista
885 1704 1053 1782 delectant,
1088 1704 1126 1768 ab
1161 1724 1196 1770 eo
1229 1703 1422 1768 moderatius

276 1812 425 1891 petantur
453 1811 506 1892 qui
535 1829 629 1874 uerus
659 1810 800 1875 omniurn
824 1811 894 1875 fons
919 1815 978 1874 est.
1007 1829 1080 1874 nam
1105 1813 1136 1874 et
1158 1811 1229 1894 ipsa
1251 1809 1423 1892 peculiaria

277 1937 357 1998 quae
389 1916 552 2000 possidere
581 1917 643 1981 sibi
672 1917 798 1982 uidetur
826 1917 971 1982 diabolus
1000 1917 1103 1982 aliena
1130 1920 1215 1994 sunt,
1244 1916 1420 1998 sicutipse
1477 1925 1493 1974 n

276 2025 368 2087 dixit:
393 2023 472 2087 tibi
497 2023 596 2089 dabo
620 2026 872 2106 potestatem
898 2024 998 2088 hanc
1021 2024 1257 2088 uniuersam
1282 2026 1321 2087 et
1344 2024 1420 2106 glo·

275 2131 374 2193 riam
408 2130 591 2205 illorum,
624 2129 851 2223 quiamihi
885 2130 1040 2195 tradita
1072 2133 1176 2195 sunt.
1210 2131 1248 2194 ab
1283 2151 1318 2195 eo
1349 2149 1459 2214 ergon

277 2257 378 2318 spera,
416 2236 493 2302 licet
519 2236 626 2302 breuis
657 2238 744 2302 uitae
771 2258 832 2302 non
863 2238 906 2302 sit
932 2238 1065 2321 longum
1089 2237 1244 2302 uiaticum
1267 2237 1420 2321 requiren-

277 2343 363 2422 dum,
394 2348 500 2409 tamen
528 2345 567 2408 ah
596 2364 632 2410 eo
663 2364 755 2427 spera
784 2345 839 2427 qui
867 2345 1050 2409 uniuersam
1074 2349 1249 2408 creaturam
1273 2345 1419 2422 condidit,

277 2451 331 2532 qni
358 2450 485 2517 diabolo
514 2471 551 2516 ea
578 2452 618 2516 ad
645 2455 772 2534 tempus
802 2451 942 2530 tradidit,
967 2470 1028 2517 non
1053 2453 1089 2517 ut
1111 2451 1285 2533 possideat,
1310 2452 1365 2516 sed
1386 2456 1420 2515 ut

277 2561 426 2641 temptet3
456 2577 516 2623 non
546 2559 629 2623 enirn
657 2562 783 2640 poterat
811 2577 925 2624 corona
955 2578 1024 2624 esse
1053 2559 1121 2623 sine
1150 2559 1330 2624 certamine.
1355 2579 1419 2640 pro·

225 2664 371 2737 18handi
394 2669 483 2730 erant
506 2665 605 2742 dubii,
629 2669 667 2729 ut
690 2665 769 2729 iusti
793 2668 1025 2730 coronarentur.
1056 2664 1143 2730 dedit
1166 2665 1274 2747 itaque
1298 2665 1457 2730 diabulau

277 2790 322 2849 ea,
357 2772 431 2853 quia
462 2772 495 2835 in
527 2772 577 2837 his
609 2771 688 2854 ipsis
721 2791 824 2854 poena
857 2772 1041 2853 accipientis
1071 2778 1128 2851 est,
1161 2773 1188 2837 si
1216 2773 1264 2838 uti
1292 2773 1417 2838 nesciat.
1474 2787 1491 2827 ι·

277 2877 353 2959 quid
386 2882 436 2942 est
468 2879 552 2942 enirn
584 2880 774 2943 thensaurus
802 2879 964 2944 luxurioso
993 2879 1055 2943 nisi
1084 2885 1233 2963 sumptus
1262 2879 1419 2944 luxuriae?

279 2986 335 3048 scd
362 3006 423 3051 non
452 2987 646 3063 luxuriosus,
675 2986 732 3050 sed
758 2987 842 3070 frugi
871 2986 1032 3069 probatur.
1062 2995 1094 3052 et
1122 2987 1192 3052 ideo
1220 2990 1310 3052 utere
1334 2987 1420 3070 quasi

275 3092 362 3175 frugi
377 3091 427 3157 his
446 3112 526 3174 quae
546 3093 603 3157 tibi
623 3093 835 3176 adponuntur,
855 3097 971 3157 utnon
991 3113 1063 3157 curn
1082 3093 1256 3158 manducas
1274 3095 1419 3170 multum,

279 3197 408 3263 odibilis
442 3199 514 3276 fias;
548 3200 724 3283 uigilias
757 3201 841 3264 enim
874 3204 913 3264 et
945 3202 1147 3264 tormenta
1183 3199 1272 3265 uiro
1310 3199 1457 3264 edacia

277 3308 310 3369 et
332 3305 428 3370 infra:
454 3307 487 3370 si
512 3312 681 3372 coactus
705 3307 836 3372 fueris
861 3308 899 3371 in
920 3307 1082 3384 edendo,
1104 3325 1224 3392 surge
1245 3310 1283 3370 ct
1301 3323 1418 3371 uome.

277 3414 317 3474 et
344 3411 617 3495 refrigerabit
644 3416 682 3476 te
712 3417 749 3477 et
775 3433 851 3476 non
880 3411 1057 3477 adduces
1087 3413 1249 3495 corpori
1279 3415 1347 3478 tuo
1371 3413 1418 3476 in-

365 3603 501 3656 4Psaln1.
520 3602 634 3656 XXXVI
653 3604 687 3658 35
708 3621 747 3671 sq.
805 3605 820 3656 7
839 3603 958 3672 Philipp.
979 3603 1003 3664 3.
1026 3603 1058 3656 19
1108 3603 1124 3656 8
1143 3603 1241 3657 Matth.
1260 3605 1286 3668 4,
1307 3603 1340 3656 10
1359 3602 1417 3656 Luc

275 3691 337 3752 4,3
408 3692 441 3743 14
459 3691 557 3744 Matth.
576 3691 720 3752 4,9an.
740 3695 802 3755 4,6
882 3691 1128 3754 lauriana
1203 3691 1419 3754 assuetae

274 3779 331 3848 (31,
351 3779 397 3849 23)
452 3781 486 3832 26
507 3781 557 3833 Sir.
577 3781 620 3842 34,
640 3782 672 3835 21
695 3781 749 3846 (31,
771 3781 816 3847 25)

315 3905 327 3957 l
347 3921 402 3958 non
420 3911 535 3975 possunt
557 3905 583 3958 V
599 3911 665 3972 (non
683 3923 747 3976 poss
766 3923 800 3959 ex
819 3905 918 3977 neque)
968 3906 984 3960 2
1003 3909 1155 3976 sequuntur
1173 3905 1207 3960 P‘
1257 3906 1274 3960 3
1294 3905 1346 3958 sibi
1365 3919 1417 3958 esse

277 3993 347 4062 (esse
365 4011 387 4047 a.
406 3994 549 4061 ΜΝ
637 3997 769 4065 5supara
789 3995 812 4049 S
830 3999 857 4062 (a
874 4011 895 4050 s.
915 3999 954 4062 u.)
974 4011 1054 4065 supra
1072 3993 1196 4048 AA‘BV
1275 3991 1421 4048 caedrosS

276 4081 431 4136 cedroscet.
483 4081 677 4137 dinarimiM
693 4085 807 4138 maxime
828 4090 874 4138 cet.
928 4085 1103 4138 ‘luesterM
1121 4087 1149 4148 (n
1168 4099 1189 4139 s,
1209 4085 1234 4150 s)
1286 4081 1420 4136 ordiar

279 4170 311 4223 12
330 4174 461 4238 petantur
477 4171 593 4226 Monac.
614 4174 711 4228 14399
732 4173 851 4228 Uiradob.
875 4177 934 4228 758
952 4177 1083 4242 petuntur
1101 4177 1147 4228 cet.
1238 4171 1418 4242 peculiarior

276 4259 432 4328 pecuniaria
452 4259 518 4313 libri
580 4262 612 4314 15
632 4278 723 4316 eorum
741 4261 768 4315 B
830 4263 863 4315 22
884 4261 1026 4314 thesaurus
1047 4261 1112 4314 libra·
1171 4261 1205 4315 23
1223 4260 1371 4314 luxoriosos
1388 4257 1418 4310 ll

277 4352 306 4403 (r
323 4363 345 4400 a.
365 4364 380 4400 c
400 4351 472 4414 tert.)
