3142 4967
379 517 421 570 De
441 516 506 572 Cain
526 521 555 570 et
573 518 641 572 Abel
659 518 673 571 I
691 519 716 574 4.
738 520 778 573 13.
802 519 833 572 14
871 519 895 588 (1
918 519 966 575 189
986 521 1088 590 A-r).
1242 527 1308 591 349

163 713 339 777 meretricis
369 714 502 795 laqueus
533 713 709 797 peccatoris
733 751 776 760 —
801 732 1035 797 quemcumque
1064 717 1182 782 uiderit
1211 737 1307 784 sensu

162 820 258 884 dubio
285 821 538 902 praetereuntem
562 820 594 882 in
618 821 733 903 angulo
762 821 915 886 transitus
945 823 1058 888 domus
1088 843 1164 889 suae
1192 845 1309 890 sermo·

161 926 254 990 nibus
283 926 424 990 adoritur
451 927 600 1010 gratiosis
636 919 755 993 faciens
785 928 937 993 iuuenum
961 931 1069 996 uolare
1093 931 1197 1008 corda,
1222 933 1307 996 domi

158 1033 309 1116 inquieta,
333 1034 365 1098 in
388 1035 504 1117 plateis
527 1053 621 1118 uaga,
646 1035 748 1100 osculi
770 1036 913 1118 prodiga,
936 1037 1056 1118 pudore
1078 1037 1166 1117 uilis,
1186 1041 1307 1104 amictu

127 1155 140 1192 ⁵
160 1139 261 1216 diues,
286 1158 383 1223 genas
401 1141 498 1222 picta.
518 1141 635 1205 etenim
656 1141 730 1224 quia
748 1161 859 1206 uerum
880 1143 1024 1208 decorem
1043 1148 1172 1210 naturae
1191 1146 1306 1212 habere

159 1265 218 1310 non
247 1248 365 1328 potest,
395 1246 581 1312 adulterinis
609 1247 691 1312 fucis
720 1247 896 1313 adfectatae
922 1251 1168 1332 pulchritudinis
1191 1254 1307 1317 lenoci-

157 1355 252 1416 natur
274 1354 425 1436 speciem,
448 1372 509 1418 non
533 1354 712 1420 ueritatem.
737 1354 889 1420 uitiomm
914 1357 1076 1422 succincta
1099 1360 1253 1423 comitatu
1274 1363 1349 1424 etl)

158 1460 297 1542 quodam
320 1460 533 1542 nequitiarum
557 1462 651 1526 choro
676 1461 879 1538 circumfusa,
904 1463 965 1526 dux
995 1464 1160 1529 criminum
1185 1466 1304 1532 talibus

9 1650 10 1661 ἵ
156 1568 328 1632 uerborum
368 1568 523 1633 machinis
567 1589 694 1632 murum
740 1569 857 1634 mentis
904 1570 1089 1654 adgreditur
1133 1572 1304 1636 humanae:

9 1706 10 1709 ¹
115 1689 139 1728 ¹⁰
161 1673 420 1740 sacrificium
443 1675 558 1757 pacis
583 1679 647 1739 est
670 1676 778 1753 mihi,
803 1676 923 1740 bodie
946 1677 1188 1743 reddo'uota
1211 1699 1303 1744 mea.

156 1781 1302 1866 bacexcausaprogressasumobuiamtibidesiderans

157 1887 305 1952 faciem
325 1891 444 1964 tuam,
464 1889 673 1953 iuuenile.
693 1889 859 1954 institis
879 1890 1160 1956 teruileotum
1177 1910 1302 1956 meum

158 1998 196 2058 et
214 1995 373 2076 tapetis
393 1995 438 2058 ab
456 1995 641 2078 Aegypto
662 1997 805 2060 straui.
826 1997 986 2078 aspersi
1005 1997 1156 2062 lectum
1176 2017 1303 2062 meum

159 2120 286 2178 croco,
311 2101 467 2166 domum
492 2104 626 2166 autem
650 2121 771 2166 meam
793 2103 984 2168 cinnamo.
1009 2105 1103 2168 ueni
1122 2105 1303 2169 fruamur

117 2208 1303 2291 1⁵amicitiamusqueindiluculum,uenietconluctamur

157 2315 360 2397 cupidine.
390 2316 471 2381 hano
500 2315 584 2382 enim
611 2335 667 2398 per
690 2336 726 2381 os
751 2317 929 2382 Solomonis
954 2319 1094 2400 speciem
1116 2319 1300 2383 fornicariae
1324 2330 1346 2383 Ε

156 2421 303 2486 uidemus
328 2439 518 2504 expressam.
549 2443 620 2487 nam
645 2423 722 2504 quid
744 2426 809 2487 tam
833 2425 1048 2488 meretricium
1074 2445 1169 2508 quam
1193 2445 1301 2491 saecu·

155 2529 230 2592 laris
254 2530 417 2611 uoluptas,
440 2549 520 2611 quae
540 2549 558 2594 a
575 2530 714 2595 fenestra
737 2529 851 2595 domus
870 2549 946 2594 suae
965 2531 1062 2595 intrat
1081 2531 1182 2598 oculis
1201 2533 1301 2613 prima

156 2638 385 2717 temptamenta
414 2636 604 2718 praeludens
635 2639 666 2700 et
695 2641 841 2717 penetrat
870 2637 944 2712 cite,
976 2637 1003 2702 si
1033 2640 1068 2701 tu
1098 2638 1129 2701 in
1163 2640 1300 2720 plateam

115 2754 139 2792 2⁰
156 2741 363 2824 prospiciens,
387 2743 420 2806 id
444 2745 494 2806 est
515 2743 548 2807 in
567 2743 712 2824 publicas
735 2743 968 2806 transeuntium
987 2743 1068 2819 uias,
1087 2763 1148 2808 non
1168 2745 1199 2808 in
1217 2745 1300 2828 legis

156 2849 279 2913 interna
306 2849 458 2932 mysteria
485 2850 633 2915 obtutum
661 2853 735 2914 tuas
763 2850 880 2914 mentis
908 2851 1075 2915 intendas?
1100 2869 1136 2914 ca
1158 2851 1298 2933 profecto

158 2959 207 3020 est
236 2975 317 3038 quae
347 2955 557 3021 ualidioribus
589 2957 727 3021 uinculis
754 2957 848 3021 uelut
875 2956 981 3020 cubile
1007 2957 1165 3039 quoddam
1191 2976 1299 3022 conso-

157 3063 257 3127 ciatae
299 3063 391 3128 nobis
430 3064 667 3129 communitatis
704 3065 827 3140 interit,
864 3067 902 3128 ut
938 3063 992 3146 qui
1028 3065 1230 3130 reclinauerit
1266 3085 1299 3130 se

157 3169 285 3253 ligetur,
315 3172 347 3234 ot
375 3170 597 3253 obprobriosae
625 3171 746 3236 fraudis
775 3173 932 3236 uelamine
960 3171 1062 3255 operit
1086 3173 1224 3254 corporis
1250 3175 1346 3241 suir

117 3286 140 3324 ²⁵
158 3279 294 3340 stratum
318 3276 357 3340 ad
381 3277 601 3342 sollicitandos
625 3279 747 3344 animos
770 3279 935 3359 iuuenum,
957 3278 1131 3343 absentiam
1150 3280 1223 3357 uiri,
1243 3280 1302 3345 hoc

247 3493 260 3546 1
280 3493 408 3547 Prouerb.
429 3495 454 3558 7,
473 3494 490 3547 8
508 3511 567 3564 sqq.
631 3495 794 3548 4Prouerb.
816 3497 840 3558 7,
862 3497 894 3548 12
951 3498 983 3550 10
1002 3497 1129 3550 Pronerb.
1150 3499 1174 3560 7,
1196 3498 1300 3550 14-18

193 3619 205 3672 1
226 3618 341 3687 laqueus
357 3622 399 3672 est
412 3619 440 3671 B
493 3621 650 3689 peccatoris,
669 3627 700 3672 ul
718 3621 791 3688 Eup.
811 3621 842 3673 in
857 3620 924 3673 Luc.
939 3621 1015 3673 ΠΙΙ
1026 3625 1069 3683 10,
1084 3621 1132 3674 sed
1150 3621 1182 3674 de
1192 3623 1298 3688 pacarit.

156 3707 177 3759 Ι
192 3711 235 3770 14,
258 3711 297 3761 73
314 3714 340 3762 ct
359 3707 391 3761 dc
410 3708 480 3762 boac
499 3709 594 3761 rnortr's
616 3712 640 3770 6,
662 3710 857 3772 accusatoris,
877 3709 950 3776 quod
973 3709 1060 3778 rrrrtpir
1083 3709 1218 3762 corruenti.
1237 3711 1299 3763 sub·

157 3802 195 3849 est
211 3797 337 3864 fortusse
358 3797 423 3850 buic
446 3798 518 3850 dicto
536 3804 638 3866 poetae
660 3799 805 3852 cuiusdam
827 3799 922 3852 contisi
939 3813 1035 3851 uersus
1054 3815 1086 3852 ex
1104 3797 1236 3868 florileyio
1251 3815 1299 3866 pc-

157 3886 238 3952 titus,·
256 3891 372 3939 ceterum
390 3887 485 3954 confer
502 3887 602 3940 Ircditb
623 3890 648 3951 9,
667 3891 703 3940 13
720 3888 795 3957 culp.
859 3889 877 3940 4
896 3887 980 3940 osculi
998 3887 1035 3940 M
1052 3887 1136 3940 cerdis
1155 3886 1182 3938 B
1201 3887 1299 3940 osculis

157 3979 203 4025 cet.
273 3973 377 4026 diocia
395 3972 433 4026 M
451 3984 475 4032 lc
493 3974 525 4026 in
544 3979 610 4041 ras.)
685 3974 842 4044 adspectata
861 3975 898 4028 M
915 3979 939 4040 (s
957 3992 978 4028 a,
998 3981 1037 4034 a.)
1110 3973 1300 4044 pulcritudinis

156 4061 284 4114 MAA‘B
348 4064 380 4117 13
400 4064 520 4132 tappetia
539 4062 562 4116 S
580 4065 607 4132 (p
622 4080 667 4131 pr.
687 4068 768 4130 eras.)
788 4063 901 4116 Mar?
962 4066 995 4117 14
1015 4065 1181 4116 cinnamomo
1200 4063 1227 4116 P
1246 4067 1299 4125 (mo

158 4151 206 4202 alt.
225 4166 246 4204 a.
266 4167 292 4202 u.
312 4155 369 4216 m2)
388 4150 502 4205 M‘P‘V
581 4154 613 4205 15
633 4152 754 4205 amicitia
772 4152 796 4204 S
813 4153 946 4206 arnicitia-
960 4153 1003 4205 Μ’
1022 4152 1141 4206 amicitia
1160 4153 1187 4204 P
1204 4153 1231 4222 (a
1251 4153 1300 4206 ull.

157 4256 189 4292 cr
208 4245 235 4306 a)
255 4246 302 4293 cet.
377 4241 581 4294 conletemurA
602 4242 833 4294 conlectemurA¹
891 4244 922 4296 16
941 4242 1054 4294 libidine
1079 4241 1104 4293 V
1156 4241 1300 4295 salemonis

162 4327 186 4380 V
202 4329 350 4383 salomonis
369 4335 415 4383 cet.
459 4331 490 4382 21
510 4331 632 4383 misteria
649 4330 781 4384 MA'BV
820 4333 854 4385 24
873 4331 1064 4400 obprobriosae
1085 4349 1102 4380 α
1120 4330 1301 4400 obprobrosae

158 4415 222 4470 libri
295 4417 382 4486 operit
399 4418 536 4470 Erasmus
555 4418 660 4487 operiat
678 4419 744 4471 libri
