3142 4967
219 478 286 542 494
690 476 889 531 Ambrosii

220 692 282 755 qua
304 670 435 750 ratione,
456 690 529 736 cum
552 671 638 737 filius
663 672 731 737 eius
756 672 855 738 Cham
878 674 1069 756 peccauerit,
1090 694 1151 740 non
1174 675 1292 758 ipsum,
1311 676 1367 741 sed

219 778 321 842 filium
349 777 417 843 eius
446 778 596 843 seruituti
623 778 763 844 addixit?
788 784 820 845 et
842 781 978 846 fortasse
1001 781 1073 847 ideo
1098 782 1183 864 quod
1205 783 1279 865 plus
1303 783 1368 847 aiti-

220 885 302 950 citur
333 888 424 969 pater
455 884 581 949 iniuriis
613 884 672 950 filii
704 887 766 965 sui,
799 887 934 952 maxime
969 908 1103 971 quarum
1136 889 1205 973 ipse
1235 908 1309 955 reus
1337 894 1368 955 et

219 994 331 1057 auctor
354 992 497 1069 exsistat,
522 995 554 1057 et
575 992 798 1059 uehementius
822 994 1030 1059 contristatur
1053 996 1104 1060 sui
1130 998 1254 1079 peccati
1283 996 1369 1061 dam-

218 1099 378 1164 nationem
407 1117 426 1161 a
453 1099 520 1164 filio
547 1100 753 1182 persolutam,
781 1101 837 1183 qui
865 1121 926 1167 non
955 1105 1020 1166 tam
1050 1122 1108 1168 suo
1141 1123 1234 1187 quarn
1267 1103 1368 1187 patris
1399 1128 1413 1170 a

218 1205 332 1270 merito
359 1205 538 1289 puniretur:
572 1206 683 1271 deinde
712 1208 795 1289 quia,
825 1227 897 1272 cum
922 1208 1081 1273 doctrinae
1103 1212 1251 1292 paternae
1275 1210 1368 1275 disci·
1412 1232 1465 1288 276
1478 1234 1498 1286 l

217 1314 314 1396 pulus
344 1317 431 1379 esset
456 1312 542 1378 filius
571 1317 604 1378 et
629 1316 841 1395 pessimarum
866 1315 1012 1381 aemulus
1041 1316 1281 1401 cogitationum,
1305 1336 1366 1381 uno

219 1440 348 1503 corpore
376 1425 512 1503 uterque
540 1424 684 1485 uteretur
710 1424 742 1485 et
769 1425 874 1485 mente
908 1422 1080 1505 eademque
1112 1423 1243 1489 malitia.
1277 1422 1368 1487 indif-

217 1527 355 1593 ferenter
381 1527 481 1613 igitur
508 1528 560 1593 uel
587 1530 736 1610 paternae
763 1530 816 1592 uel
845 1548 921 1593 suae
948 1530 1090 1596 malitiae
1119 1530 1203 1595 filius
1230 1530 1368 1613 pretium

217 1634 290 1714 luit,
324 1635 474 1717 quoniam
506 1634 720 1718 improbitatis
753 1653 922 1699 commune
955 1637 1150 1701 consortium
1187 1640 1246 1702 est.
1284 1636 1368 1719 quod
1389 1665 1415 1703 10

217 1741 319 1825 igitur
349 1761 405 1825 pro
439 1742 538 1825 patris
572 1741 671 1806 soluit
701 1741 906 1824 improbitate
940 1741 1007 1807 sine
1040 1743 1136 1808 dubio
1167 1746 1200 1807 et
1226 1763 1282 1826 pro
1310 1762 1368 1808 sua

219 1849 319 1914 soluit
347 1848 459 1932 culpae
488 1848 557 1912 eius
588 1868 662 1912 rcus
691 1850 744 1911 uel
774 1852 857 1914 certe
886 1848 1008 1914 diutius
1040 1868 1141 1933 poena
1171 1849 1367 1934 producitur,

220 1973 292 2020 cum
321 1954 417 2019 etiam
445 1955 484 2018 ad
512 1955 614 2020 filium
642 1974 745 2039 usque
772 1956 933 2039 pertendit
961 1959 993 2020 ct
1021 1957 1214 2022 successoris
1239 1956 1366 2021 afflictio

131 2056 191 2119 121
217 2062 250 2125 in
273 2064 418 2143 tempora
439 2061 542 2126 multa
564 2062 730 2143 profertur.
763 2062 823 2128 hoc
847 2063 1021 2128 secundum
1044 2064 1194 2128 litteram.
1228 2066 1366 2127 ceterum
1428 2078 1449 2131 Β

218 2188 279 2233 non
306 2172 371 2233 tam
401 2168 453 2233 hio
481 2169 625 2233 homines
655 2188 749 2251 quam
772 2170 1412 2254 moresconprehenduntur,quorum1a

218 2276 250 2339 in
273 2278 409 2358 utroque
433 2294 497 2340 una
519 2281 642 2343 natura.
665 2296 738 2340 nam
762 2276 862 2342 Cbam
886 2276 1368 2357 ζ(33109,0717711991](60111110ῒί79

218 2386 251 2447 et
273 2382 492 2466 ‘inquietudo’.
522 2383 575 2465 qui
599 2386 706 2447 autem
729 2383 853 2448 calidus
878 2388 927 2449 cst
951 2384 1061 2467 utique
1086 2383 1248 2465 inquietus
1272 2386 1367 2466 atque

219 2489 396 2555 conmotior
428 2493 488 2555 est.
525 2491 558 2554 in
591 2490 717 2555 duobus
748 2490 848 2574 igitur
880 2495 946 2556 erat
978 2511 1041 2555 una
1072 2491 1179 2573 passio
1217 2492 1248 2555 et
1285 2510 1367 2555 unus

131 2587 195 2651 122
219 2596 361 2662 affectus.
394 2595 503 2678 itaque
528 2616 601 2662 cum
625 2597 705 2661 alter
727 2596 895 2673 addicitur,
920 2600 1053 2679 uterque
1082 2598 1277 2662 damnantur.
1312 2616 1368 2661 cur

219 2706 348 2769 sanctus
386 2703 486 2788 igitur
521 2702 591 2769 Noe
628 2703 818 2768 benedicens
853 2703 954 2768 filium
995 2723 1089 2769 suum
1131 2704 1265 2786 Iapheth
1306 2704 1364 2767 ait:
1384 2707 1445 2772 noc

219 2809 371 2875 dilatet
390 2810 578 2875 dominus
596 2810 771 2894 Iapheth
793 2813 831 2875 et
849 2811 1063 2875 habitatin
1079 2810 1264 2876 domibus
1280 2808 1367 2875 Sem

219 2920 258 2980 et
289 2916 368 2981 fiat
399 2915 584 2982 chanaan
619 2935 764 2981 seruus
799 2917 911 2981 eius?
944 2916 1080 2981 diximus
1109 2936 1205 3000 supra
1231 2916 1365 3000 Iaphetlr

218 3024 310 3107 quasi
333 3023 512 3088 indifferens
535 3024 654 3090 bonum
678 3023 860 3108 significari.
893 3023 1102 3089 indifferentia
1127 3027 1233 3089 autem
1258 3022 1366 3087 latitu-

218 3130 321 3194 dinem
354 3128 460 3211 habet,
494 3149 574 3211 quac
607 3132 658 3194 est
688 3130 720 3193 in
754 3130 858 3195 salute
890 3130 999 3214 uigore
1031 3130 1144 3195 decore
1179 3128 1366 3195 fortitudine

218 3235 341 3299 diuitiis
369 3235 471 3320 gratia
498 3235 665 3302 nobilitate
695 3236 807 3301 amicis
840 3237 1053 3319 potestatibus
1087 3240 1119 3302 at
1151 3236 1274 3303 ceteris.
1309 3235 1364 3300 sed
1383 3260 1408 3303 aa

215 3342 296 3407 haec
318 3341 395 3407 licet
416 3342 629 3407 indifferentia
650 3343 734 3408 bona
757 3342 832 3420 sint,
856 3346 963 3408 tamon
991 3344 1151 3427 plerisque
1178 3345 1363 3419 nocuerunt,

217 3448 272 3531 qui
291 3468 327 3513 ea
345 3469 406 3515 non
426 3468 500 3514 cum
519 3448 677 3533 sapientia
695 3452 726 3514 et
749 3448 875 3515 iustitia
897 3450 1117 3534 possederunt.
1141 3450 1260 3515 multos
1280 3448 1364 3514 anim

306 3728 340 3782 16
358 3726 437 3781 Philo
458 3726 669 3792 Quaest1177
690 3726 723 3781 de
741 3727 813 3781 sobr.
833 3728 867 3783 10
887 3728 911 3793 (Ι
930 3728 990 3791 399,
1010 3728 1045 3783 23
1064 3728 1115 3798 sq.)
1197 3728 1229 3783 21
1250 3726 1318 3782 Gen.
1338 3728 1363 3790 9,

215 3814 249 3869 al
268 3814 348 3869 Philo
369 3814 481 3881 Quaest.
500 3815 529 3869 Π
549 3816 583 3869 76
602 3819 630 3869 et
650 3817 682 3870 77
738 3818 773 3870 22
793 3816 826 3870 ci.
846 3820 911 3873 scot.
931 3816 947 3870 3

251 3959 268 4014 3
287 3960 365 4028 pater
383 3972 434 4011 om.
454 3956 516 4011 DN
585 3956 643 4026 ipse
662 3972 714 4013 om.
732 3956 853 4011 DNOM
927 3958 944 4010 4
965 3959 1077 4012 exsistat
1095 3959 1128 4023 P,
1148 3974 1199 4013 om.
1218 3958 1245 4011 B
1265 3958 1363 4011 existat

215 4053 262 4104 cet.
348 4048 366 4100 6
385 4046 483 4100 deinde
502 4044 566 4117 quia
585 4062 644 4100 cum
662 4046 762 4115 scripsi
780 4044 879 4100 deinde
899 4047 963 4117 quia
982 4048 1028 4117 qui
1046 4048 1137 4101 Pr'B
1157 4047 1255 4102 deinde
1274 4048 1321 4117 qul
1342 4046 1365 4099 0

216 4134 313 4190 deinde
332 4136 397 4205 quia
410 4136 448 4189 M
463 4134 581 4205 denique
600 4136 646 4204 qui
661 4135 691 4188 D
706 4135 766 4204 (qui
783 4150 805 4192 s.
819 4135 859 4203 u.)
874 4134 908 4189 N
960 4136 992 4190 13
1011 4153 1070 4190 cam
1086 4152 1171 4207 usque
1185 4134 1220 4191 ad
1234 4136 1320 4191 filiurn
1334 4136 1367 4189 N

251 4224 407 4278 afflictionis
425 4224 453 4277 P
472 4224 524 4290 (nis
543 4230 625 4291 cras.)
684 4224 716 4277 19
736 4222 872 4277 addicitur
884 4225 912 4278 P
929 4224 959 4295 (d
978 4226 1028 4282 alt.
1047 4242 1068 4280 a.
1088 4230 1128 4291 a.)
1200 4224 1364 4280 danrnantur

215 4314 243 4367 P
256 4313 400 4367 damnatur
413 4319 461 4367 cet.
517 4328 564 4367 cur
576 4312 678 4381 scripsi
691 4312 789 4366 cumP
802 4314 884 4382 (esp.)
899 4312 1025 4380 DNGM,
1040 4330 1091 4369 om.
1106 4314 1165 4369 PB
1201 4314 1309 4370 20-22
1323 4316 1362 4369 ia-

214 4402 275 4456 reth
296 4402 328 4455 T¹
347 4402 442 4471 taphet
460 4407 508 4456 cet.
563 4402 595 4454 21
618 4404 646 4455 et
669 4401 709 4464 T‘,
728 4417 779 4457 om.
800 4404 848 4455 cet.
