3142 4967
381 474 528 529 Erameron
549 474 577 529 II
595 476 621 529 4.
641 478 666 539 5,
687 475 793 529 17-19
831 473 854 544 (1
873 474 905 528 31
927 472 1022 528 11,-32
1040 472 1085 539 B).
1253 476 1294 540 57

29 674 56 755 5,
69 678 104 739 18
190 670 239 733 ut
257 669 358 735 uidit
376 670 468 735 deus
484 668 571 753 quia
584 669 721 735 bonum
736 674 804 735 est.
819 668 995 734 facitfilius
1011 668 1096 752 quod
1109 669 1295 752 uultpater‚
1314 678 1340 731 Ι)

146 776 258 841 laudat
285 781 375 860 pater
402 776 487 860 quod
514 776 593 842 iacit
615 776 712 841 filius.
737 776 818 841 nihil
840 776 873 840 in
896 776 953 841 illo
977 780 1108 840 naturae
1132 775 1296 860 degeneris

146 884 321 961 inuenitur,
360 884 451 948 cuius
489 902 568 967 opus
608 902 626 948 a
660 886 792 967 paterna
821 902 882 947 non
916 865 1086 966 degenerat
1116 882 1294 947 uoluntate.

146 990 230 1055 uidit
257 990 390 1072 utique:
418 1008 478 1054 non
507 989 608 1055 oculis
637 989 853 1073 corporalibus
881 989 1027 1065 intendit,
1062 988 1118 1054 sed
1151 987 1297 1053 definiuit

116 1097 339 1181 splenitudini
369 1099 488 1181 gratiae
516 1096 695 1173 conuenire,
724 1100 761 1161 ut
789 1096 867 1161 milri
896 1096 964 1160 eius
992 1094 1147 1160 iudicium
1180 1104 1338 1179 cogno-E

147 1212 310 1281 sceretur;
339 1224 397 1269 nos
427 1204 510 1269 enim
539 1204 680 1269 solemus
710 1204 807 1269 etiam
836 1204 875 1269 do
901 1204 943 1269 iis
971 1222 1051 1286 quae
1080 1202 1188 1267 diuina
1220 1206 1296 1267 sunt

146 1310 322 1394 disputare.
352 1314 384 1376 et
412 1310 488 1393 quid
516 1310 643 1388 mirum,
668 1310 695 1375 si
719 1310 757 1375 de
782 1329 876 1393 opere
899 1313 1068 1375 retractare
1091 1308 1218 1393 possint
1241 1308 1295 1392 qui

146 1419 183 1484 de
211 1420 317 1504 ipsius
347 1418 520 1502 operatoris
550 1418 749 1503 generatione
777 1417 900 1481 faciunt
927 1416 1155 1499 quaestiones?
1187 1416 1295 1499 ipsum

145 1528 176 1591 in
205 1526 363 1592 iudicium
393 1528 520 1604 uocant,
548 1526 657 1609 ipsum
684 1524 885 1607 inaequalem
914 1527 1008 1606 atque
1033 1524 1219 1608 degenerem
1243 1522 1297 1588 ad-

99 1654 122 1692 10
146 1652 251 1699 serere
276 1636 439 1698 conantur.
462 1632 534 1699 ideo
558 1632 639 1717 legis
664 1636 697 1697 et
725 1631 832 1696 ‘dixit
859 1631 962 1695 deus'
990 1632 1023 1695 et
1048 1629 1153 1695 ‘iecit
1176 1629 1295 1695 deus‘:

145 1740 259 1806 eodem
282 1744 372 1824 pater
395 1742 427 1805 et
448 1740 533 1804 filius
558 1739 734 1805 maiestatis
758 1740 953 1803 honorantur
974 1737 1112 1802 nomine.
1137 1740 1174 1802 et
1196 1736 1298 1801 uidit

145 1846 239 1911 deus
272 1847 359 1930 quia
385 1847 531 1912 bonurn.
561 1846 640 1911 dixit
662 1848 826 1928 tamquam
850 1844 957 1910 omnia
980 1862 1060 1926 quae
1083 1848 1173 1927 pater
1196 1844 1338 1908 11611611Ὶ

145 1952 263 2018 edenti
292 1956 324 2017 et
351 1952 434 2017 uidit
461 1954 625 2035 tamquam
653 1952 758 2017 omnis
786 1970 866 2033 quae
893 1950 980 2015 filius
1012 1951 1132 2015 faceret
1162 1950 1298 2015 seientia

68 2058 102 2121 19
146 2063 260 2125 tenens
277 2062 308 2123 et
324 2058 463 2125 efficiens
479 2058 658 2141 operatione
674 2058 823 2124 consorti.
843 2058 945 2123 uidit
963 2057 1051 2139 quia
1067 2056 1215 2122 bouum.
1234 2073 1296 2120 uon

104 2190 126 2227 11
146 2167 262 2249 utique
276 2165 427 2250 cognouit
441 2165 525 2248 quod
540 2164 713 2243 nesciebat,
730 2164 786 2231 sed
801 2166 949 2247 probauit
963 2164 1049 2248 quod
1062 2164 1218 2247 placebat.
1233 2182 1296 2227 non

147 2274 240 2356 quasi
256 2272 456 2357 incognitum
470 2272 592 2355 placuit
607 2290 698 2354 opus,
714 2272 788 2354 quia
807 2291 864 2337 uec
885 2271 976 2355 quasi
994 2271 1177 2354 incognitus
1196 2274 1296 2353 pater,

147 2379 202 2461 qui
216 2378 403 2460 conplacuit
417 2378 448 2441 in
464 2376 540 2455 filie,
556 2376 640 2442 sicut
654 2377 807 2459 scriptum
825 2380 893 2441 est:
907 2376 967 2441 hic
987 2378 1046 2441 est
1063 2375 1172 2441 filius
1191 2396 1295 2441 meus

148 2484 443 2563 dilectissimus,
468 2484 503 2548 in
529 2502 598 2567 quo
624 2483 836 2567 conplacui.
857 2484 1044 2548 scitantem
1064 2482 1386 2565 semperfiliussen

147 2594 350 2657 uoluntatem
369 2592 468 2675 patris
488 2594 521 2655 et
539 2594 630 2675 pater
647 2590 716 2667 lilii,
737 2594 769 2655 et
784 2590 874 2655 audit
886 2594 1009 2673 patrem
1024 2590 1110 2655 tilius
1127 2608 1252 2671 semper
1266 2594 1299 2655 et

105 2702 239 2782 sopater
258 2698 360 2763 filium
379 2718 436 2781 per
454 2698 610 2762 unitatem
630 2701 771 2774 naturae,
785 2697 962 2762 uoluntatis
978 2701 1073 2780 atque
1088 2696 1297 2762 substantiae.

148 2804 287 2888 denique
312 2808 448 2869 testatur
470 2804 579 2869 hocin
601 2804 766 2887 euangelio
787 2822 846 2869 suo
865 2803 950 2868 lilius
970 2803 1078 2868 dicens
1098 2803 1137 2868 ad
1155 2807 1299 2887 patrem:

148 2912 318 2977 sciebam
348 2911 445 2995 quod
475 2930 621 2993 semper
649 2929 703 2975 me
732 2911 851 2976 audis.
875 2910 982 2994 image
1007 2914 1058 2975 est
1081 2910 1163 2974 enim
1187 2910 1299 2975 inuisi-

147 3020 222 3086 bilis
249 3020 301 3084 dei
324 3018 420 3084 filius.
445 3018 550 3084 omnia
573 3018 672 3101 patris
692 3018 783 3100 quasi
802 3017 907 3101 imago
929 3016 1085 3099 exprimit,
1105 3017 1211 3081 omnia
1230 3018 1299 3082 eius

148 3126 239 3208 quasi
268 3125 416 3209 splendor
439 3126 556 3209 gloriae
580 3123 750 3188 inluminat
773 3123 864 3188 nobis
884 3127 979 3205 atque
998 3122 1190 3189 manifestat.
1210 3124 1300 3188 uidet

107 3259 131 3298 aa
150 3240 182 3297 et
208 3234 297 3298 filius
326 3232 425 3316 patris
455 3251 534 3315 opus
563 3232 647 3297 sicut
675 3233 707 3295 et
734 3234 824 3313 pater
851 3230 920 3307 filii,
949 3230 1125 3314 sicutipse
1150 3230 1340 3296 dominusB

150 3340 346 3405 deelarauit:
366 3359 435 3404 non
454 3342 584 3423 potest
606 3338 715 3403 filius
740 3338 866 3402 facere
890 3356 908 3400 a
932 3356 971 3401 se
995 3336 1200 3420 quidquam
1223 3337 1300 3403 nisi

241 3548 254 3601 l
278 3546 344 3601 Gen.
365 3547 389 3609 1,
411 3546 443 3600 10
462 3546 524 3600 Bas.
544 3546 578 3600 76
598 3546 618 3602 C
639 3546 684 3612 (32
703 3546 738 3617 A)
781 3546 814 3600 17
834 3544 932 3599 llatth.
952 3545 977 3610 3,
1000 3546 1032 3599 17
1077 3544 1300 3607 2216111142

150 3636 184 3692 26
203 3636 264 3691 Ioh.
285 3639 309 3699 5,
331 3636 364 3690 19

185 3760 200 3815 3
221 3761 311 3831 operis
330 3758 354 3812 ll
373 3762 452 3831 (opus
470 3764 517 3815 m2
538 3760 601 3831 GP)
638 3764 654 3816 5
673 3760 843 3831 plenitudine
864 3757 887 3811 Π
907 3759 960 3825 (·ni
980 3774 1048 3813 corr.
1067 3758 1103 3823 G)
1159 3755 1302 3810 iudicioC

151 3849 167 3901 6
185 3850 305 3904 salernus
323 3848 347 3903 0
364 3852 389 3913 (e
409 3866 441 3903 ea
458 3848 468 3902 i
486 3850 543 3919 663)
598 3848 651 3903 hiis
665 3848 690 3903 G
705 3848 746 3903 his
761 3854 809 3903 cet.
847 3850 862 3902 7
878 3851 1025 3901 retractare
1041 3848 1135 3914 (repr.
1151 3849 1233 3911 erae.)
1251 3842 1302 3898 GS

150 3936 342 3992 tracmeN‘B
386 3934 1046 4007 possent-G(owpossint)M(m2possnut)PVS
1083 3936 1114 3990 13
1125 3929 1299 3987 scientiamll

153 4026 184 4080 14
203 4025 338 4080 etniicieus
357 4030 399 4079 ml
420 4026 470 4079 (Ὀ
489 4030 517 4079 et
535 4028 675 4097 perficiens
694 4030 741 4080 m2
762 4024 813 4079 CG
832 4023 952 4078 efficiens
972 4025 1034 4092 (om.
1055 4023 1093 4093 et)
1107 4022 1165 4076 PV
1235 4040 1299 4077 con·

152 4117 228 4168 661111
252 4114 334 4169 (1162
351 4114 389 4169 N‘
446 4116 478 4169 18
499 4113 728 4169 dilectissimnsll
749 4112 912 4169 dilectusN
961 4112 1029 4166 mihi
1048 4110 1298 4183 complacuiBnac.

155 4204 234 4257 cana.
257 4202 326 4257 Tell.
363 4202 534 4257 22116111116
556 4202 605 4256 ΟΡ
622 4209 646 4257 et
666 4209 746 4262 (corr.
766 4207 822 4264 612)
846 4202 885 4268 Θ,-
902 4203 967 4270 fort.
987 4201 1104 4255 uisibilis
1120 4200 1297 4262 (inuisibilis)

152 4292 186 4345 24
205 4295 286 4360 atque
305 4289 384 4345 nobis
403 4291 443 4345 ed.
463 4290 556 4345 Paris.
578 4310 602 4345 a.
622 4296 695 4345 1661
785 4294 819 4347 26
839 4290 986 4361 quidquam
1008 4290 1072 4343 Cet
1090 4294 1132 4343 ml
1152 4289 1206 4345 GP
1224 4290 1299 4360 quic-

154 4394 232 4447 quam
254 4380 308 4435 GP
325 4382 372 4433 612
390 4384 436 4433 cet.
