3142 4967
233 376 297 441 148
705 372 902 427 Ambrosii

229 574 267 635 ut
290 569 394 635 omnia
417 569 513 635 huius
533 571 613 636 aeris
632 571 749 635 uiuunt
768 570 947 653 spiramine,
968 570 1043 653 quia
1062 571 1225 636 hauriendi
1244 570 1377 653 spiritus

231 681 263 742 et
294 677 468 762 respirandi
501 681 612 743 natura
643 679 693 742 his
726 698 786 744 non
821 678 982 760 suppetit3
1017 677 1157 760 alioquin
1191 678 1250 743 sub
1283 678 1375 760 aquis
1442 688 1471 740 Ι)

231 803 355 868 semper
377 804 438 849 non
462 787 593 869 possent
615 786 724 850 uiuere
747 805 809 850 non
833 785 993 867 capientes
1017 785 1150 868 spiritus
1174 785 1376 850 infusionem.

232 890 316 973 quod
350 895 399 956 est
430 892 521 957 nobis
555 892 686 975 spiritus
718 892 783 956 illis
817 894 867 956 est
893 912 984 974 aqua.
1015 892 1100 957 sicut
1127 892 1218 957 nobis
1247 893 1379 976 spiritus

228 996 277 1060 ita
308 997 374 1061 illis
407 1017 489 1080 aqna
520 997 651 1062 uiuendi
678 997 840 1062 ministrat
867 998 1089 1062 substantiam.
1119 1016 1178 1063 nos
1206 998 1380 1065 intercluso
1412 1021 1428 1061 s

233 1106 409 1169 commeatu
444 1104 588 1187 spiritus,
623 1104 697 1186 quia
729 1124 767 1168 ne
799 1105 888 1169 breui
918 1104 1046 1188 quidem
1075 1105 1178 1188 spatio
1207 1123 1381 1186 possumus

233 1214 375 1294 expertes
400 1229 470 1275 esse
495 1211 603 1277 uitalis
627 1211 771 1295 spiritus,
796 1212 905 1276 statim
929 1211 1160 1294 extinguimur3
1180 1212 1286 1294 pisces
1305 1231 1381 1294 quo-

233 1337 294 1398 que
328 1317 445 1382 sublati
478 1318 516 1382 de
550 1337 631 1401 aqna
664 1318 730 1382 sine
759 1318 939 1383 substantia
967 1318 1017 1381 sni
1046 1338 1117 1383 esse
1145 1338 1206 1383 non
1232 1322 1381 1402 possunt.

169 1429 206 1492 11
234 1428 266 1489 et
298 1443 394 1488 causa
426 1423 594 1489 manifesta
627 1427 686 1503 est,
720 1424 870 1507 quoniam
902 1425 933 1488 in
968 1424 1059 1490 nobis
1091 1427 1201 1508 pulmo
1229 1445 1286 1509 per
1311 1426 1382 1490 tho-
1447 1435 1475 1488 Ε

233 1531 315 1596 racis
350 1531 469 1596 laxiora
505 1531 678 1614 penetralia
713 1532 828 1614 recipit
863 1532 1011 1614 spiritum
1049 1535 1090 1610 et,
1128 1551 1201 1596 cum
1237 1533 1306 1615 ipse
1340 1532 1383 1598 sit
1401 1555 1428 1595 ιο

232 1637 368 1721 <poris>
401 1638 559 1722 plerisque
591 1638 807 1721 penetrabilis,
841 1638 973 1721 spiritus
1004 1638 1162 1704 infusione
1199 1640 1380 1704 interiorem

236 1747 372 1809 calorem
408 1744 582 1829 refrigerat.
620 1745 730 1810 thorax
769 1746 852 1809 onim
888 1748 926 1809 ut
962 1745 1099 1828 suscipit
1135 1746 1296 1824 alimento,
1338 1745 1384 1809 ita

237 1851 395 1934 superflua
423 1852 565 1917 ciborum
594 1856 627 1917 et
650 1871 744 1917 sucos
769 1853 913 1917 salubres
938 1853 1188 1937 sanguinemque
1212 1852 1382 1918 disceruit:

236 1957 273 2022 fit
308 1959 416 2041 pulmo
454 1960 595 2042 peruius,
632 1958 716 2024 unde
752 1959 879 2024 facilius
917 1959 956 2024 ad
989 1980 1062 2024 oum
1094 1963 1201 2043 potest
1233 1959 1382 2042 aspiratio

238 2065 369 2146 spiritus
401 2066 575 2148 peruenire.
608 2065 713 2148 pisces
741 2085 816 2130 uero
845 2065 1010 2130 branchias
1039 2067 1165 2142 habent,
1194 2085 1273 2147 quas
1301 2084 1383 2130 nunc
1403 2090 1429 2130 rs

236 2170 356 2253 plicant
389 2173 420 2235 et
453 2173 619 2256 colligunt,
652 2190 735 2237 nunc
769 2172 927 2255 explicant
958 2177 1053 2254 atque
1081 2174 1236 2257 aperiunt.
1265 2175 1296 2236 in
1324 2173 1383 2235 bac

238 2297 312 2361 ergo
341 2277 527 2341 collectione
556 2281 588 2341 et
615 2277 776 2362 apertione
806 2278 882 2342 dum
911 2279 1086 2362 suscipitur
1114 2298 1196 2361 aqua
1224 2282 1257 2342 et
1284 2281 1383 2342 trans·
1448 2279 1477 2333 F

237 2384 377 2448 mittitur
413 2403 448 2449 ac
485 2388 639 2466 penetrat,
675 2384 893 2467 respirationis
929 2404 1047 2449 munus
1085 2385 1212 2449 uidetur
1246 2384 1383 2467 impleri.

236 2490 361 2574 propria
382 2492 483 2575 igitur
504 2495 616 2557 natura
640 2495 689 2556 est
711 2491 850 2573 piscium
873 2511 930 2555 nec
954 2491 1133 2556 communis
1158 2511 1229 2555 cum
1259 2491 1383 2569 ceteris

238 2601 384 2684 specialis
421 2618 499 2664 usus
537 2603 569 2663 et
606 2619 624 2663 a
660 2599 773 2664 ceteris
810 2597 939 2662 uiuendi
976 2596 1130 2680 quaedam
1168 2602 1312 2681 separata
1348 2618 1384 2664 ac
1402 2623 1432 2663 ao

239 2710 360 2772 secreta
383 2705 571 2770 substantia.
596 2707 761 2788 propterea
782 2724 844 2769 non
867 2704 1051 2768 nutriuntur
1073 2723 1174 2786 neque
1198 2708 1235 2768 ut
1261 2708 1385 2769 terrena

239 2813 387 2878 animalia
414 2831 526 2876 manus
555 2812 711 2875 humanae
739 2814 829 2876 tactu
858 2814 891 2875 et
918 2809 1128 2875 delenimento
1154 2810 1259 2892 aliquo
1285 2811 1385 2875 delec-

239 2922 357 2996 tantur,
382 2919 507 2982 etiamsi
532 2917 650 2982 seruati
674 2918 705 2980 in
730 2917 862 2982 uiuariis
887 2918 955 2981 suis
980 2917 1104 2981 uiuunt.

151 3026 238 3109 5,12
286 3024 370 3104 Quid
393 3026 499 3088 autem
524 3022 561 3087 de
582 3023 737 3088 densitate
758 3023 860 3088 dicam
881 3023 1048 3088 dentium?
1067 3043 1129 3088 non
1150 3024 1233 3088 enim
1253 3026 1384 3089 utoues
1452 3036 1527 3092 841

330 3269 365 3322 24
385 3267 447 3323 Bas.
469 3269 518 3322 152
538 3265 558 3322 C
580 3267 625 3334 <64
645 3267 677 3333 E)

279 3443 453 3512 lspirsmini
474 3440 497 3495 Ο
515 3445 575 3510 (-na
592 3443 649 3510 m3)
736 3443 782 3510 qui
801 3439 826 3493 Π
845 3443 921 3511 (quio
938 3447 985 3496 m3
1007 3443 1089 3496 Cm2
1105 3443 1141 3511 G)
1223 3442 1392 3497 auriendiG

242 3533 301 3586 anri
323 3531 347 3586 V
364 3530 505 3585 hauriendi
525 3531 554 3598 (h
573 3535 630 3598 m2)
653 3531 736 3587 suar
773 3532 789 3584 2
808 3531 851 3584 his
870 3532 916 3600 qui
938 3531 1037 3600 O(qui
1056 3531 1118 3598 del.)
1157 3534 1173 3586 5
1192 3529 1388 3586 interclusioll

242 3621 263 3691 (i
283 3621 332 3675 all.
351 3635 421 3676 cros.
440 3619 475 3686 G)
550 3616 791 3674 bcomrneotusll
812 3622 866 3687 (tu
885 3623 933 3673 m2
948 3619 984 3690 G)
1062 3620 1244 3688 quinceu.
1313 3621 1389 3674 ler-

242 3748 332 3814 pertes
352 3743 375 3796 Π
396 3747 514 3799 exsortes
532 3745 570 3798 M
587 3749 691 3798 exortes
711 3749 758 3797 cet.
819 3744 835 3798 8
854 3745 896 3797 sni
916 3762 974 3797 csso
993 3742 1017 3795 ll
1038 3762 1096 3798 esse
1115 3745 1157 3798 sui
1175 3745 1213 3799 Μ
1230 3693 1288 3799 egsc
1307 3693 1394 3799 aliis

243 3835 285 3889 sui
304 3835 362 3888 uiui
381 3851 438 3888 csse
457 3834 524 3888 N‘B
578 3835 594 3887 9
613 3834 640 3886 in
661 3849 711 3888 om.
731 3832 764 3886 N
826 3832 859 3887 10
877 3835 981 3903 recepit
999 3834 1096 3887 PVM‘
1116 3839 1141 3887 cl
1160 3838 1240 3900 (corr.
1258 3837 1316 3902 m2)
1339 3833 1390 3890 GU

280 3924 316 3976 sit
334 3923 391 3992 ipse
410 3923 443 3975 N
514 3923 544 3976 11
566 3922 638 3992 poris
658 3923 723 3978 add.
744 3922 784 3975 cd.
802 3921 882 3977 Rom.
972 3923 1149 3992 penetrabilis
1168 3923 1227 3977 MS
1242 3923 1392 3993 penetralis

245 4017 291 4066 cet.
366 4010 398 4062 12
418 4011 513 4064 thorax
532 4009 591 4064 MS
606 4013 681 4063 toron
701 4015 747 4063 cet.
829 4011 861 4064 15
880 4009 1023 4064 branchias
1042 4010 1066 4064 S
1083 4011 1112 4075 (h
1131 4027 1152 4065 o.
1171 4010 1211 4080 u.)
1229 4011 1297 4064 Diu.
1322 4009 1390 4064 Tell.

244 4100 366 4153 brancias
388 4099 504 4156 cVuM
519 4099 658 4153 brcuthias
678 4099 705 4152 B
724 4099 753 4170 (h
771 4116 793 4152 s.
812 4104 852 4166 u.)
871 4098 993 4152 brantios
1012 4105 1058 4153 cet.
1151 4100 1184 4152 18
1202 4100 1316 4168 implere
1334 4097 1395 4153 MS

246 4189 280 4242 20
299 4205 330 4241 ac
348 4187 433 4242 IlMS
450 4191 478 4241 et
496 4185 561 4242 N‘B
664 4189 698 4242 23
718 4189 816 4241 uiuunt
838 4187 861 4241 0
879 4192 907 4255 (u
926 4188 975 4242 alt.
995 4205 1016 4241 s.
1036 4205 1064 4241 u.
1083 4192 1140 4254 m3)
1160 4189 1256 4242 uiuant
1274 4187 1299 4242 S
1315 4187 1391 4241 Trea.

245 4278 280 4331 24
303 4277 352 4330 bos
377 4281 424 4331 aut
448 4278 506 4330 ouis
531 4279 607 4342 (oues
631 4277 666 4344 o)
690 4276 723 4330 N
