3142 4967
237 470 279 533 26
710 467 908 521 Ambrosii

236 663 305 727 cius
328 662 533 745 pulchritudo
557 665 751 727 uernasset?
785 662 931 727 demersa
952 663 1045 745 aquis
1073 662 1267 727 describitur
1291 663 1386 727 uelut

236 770 363 835 cuidam
393 769 621 853 principiorum
654 788 785 835 suornm
820 769 949 834 addicta
979 770 1145 854 naufragio
1173 773 1206 834 et
1232 770 1337 835 adhuc
1364 789 1384 833 a

235 875 396 941 nonnullis
419 876 505 941 iacta
527 896 588 941 non
614 876 771 941 creditur:
801 876 879 959 qnid
906 876 934 941 si
963 876 1110 941 decorem
1131 876 1383 961 primogenitum

235 982 437 1047 uindicaret?
465 983 589 1048 accedit
614 983 695 1047 illud
724 984 810 1065 quod
837 984 1015 1047 imitatores
1042 1002 1101 1047 nos
1128 984 1180 1047 sui
1207 984 1287 1048 deus
1311 1003 1383 1049 esso

235 1089 349 1169 uoluit,
373 1092 410 1154 ut
432 1090 533 1173 primo
557 1090 712 1154 faciamus
736 1090 854 1172 aliqua,
876 1094 992 1173 postea
1008 1093 1228 1170 pernatamus,
1247 1109 1286 1155 ne
1305 1090 1382 1154 dum
1414 1113 1428 1150 s
1455 1091 1477 1146 C
1561 1085 1562 1160 l

235 1194 331 1261 simul
359 1200 530 1279 utrumqne
563 1196 733 1275 adorimur,
766 1200 915 1260 nentrum
945 1198 1108 1279 possimus
1139 1195 1270 1279 inplere.
1302 1196 1382 1260 fides

234 1306 341 1367 autem
364 1306 473 1368 nostra
497 1302 634 1385 quodam
657 1301 757 1385 gradu
781 1302 907 1367 crescit.
929 1303 1001 1368 ideo
1023 1302 1163 1385 primum
1185 1302 1263 1368 iecit
1290 1302 1381 1377 deus,

232 1411 345 1491 postea
371 1409 567 1485 amputauit,
595 1412 633 1473 ut
660 1408 796 1473 eundern
825 1408 991 1473 credamus
1018 1428 1149 1475 ornasse
1172 1409 1228 1491 qni
1249 1408 1328 1473 fecit
1348 1413 1383 1473 et

232 1515 349 1579 fecisse
383 1515 437 1597 qui
470 1514 639 1591 creauerit,
667 1533 706 1579 ne
735 1516 871 1579 alteram
898 1518 1048 1597 putemus
1076 1534 1216 1593 ornasse,
1244 1515 1382 1581 alterum

234 1622 403 1701 decuisse,
432 1621 489 1687 sed
517 1620 653 1685 eundem
682 1625 854 1704 utmmque
882 1641 953 1687 esse
981 1626 1158 1705 operatum,
1181 1628 1220 1686 ut
1240 1622 1380 1703 primum
1401 1646 1429 1685 ro

232 1728 359 1807 laceret,
383 1731 495 1811 postea
518 1730 718 1809 conponeret,
742 1731 780 1791 ιιι
802 1729 936 1792 alterum
955 1727 1054 1792 altero
1073 1728 1263 1793 crederetur.
1281 1726 1381 1793 habes

231 1836 264 1899 in
288 1834 455 1917 euangelio
479 1833 575 1897 huius
598 1833 645 1897 rei
668 1832 802 1898 euidens
820 1832 1052 1897 testimoninm.
1073 1852 1147 1897 nam
1166 1833 1381 1898 suscitaturus
1446 1848 1474 1901 D

232 1940 386 2005 Lanarum
419 1940 569 2004 dominus
601 1939 708 2017 iussit,
741 1942 779 2003 nt
810 1939 921 2004 ludaei
948 1940 1149 2005 remouereut
1174 1938 1313 2020 lapidem
1342 1938 1381 2003 de

233 2047 412 2130 sepulchro,
432 2049 470 2111 ut
487 2050 650 2111 mortuum
669 2045 816 2110 uidentes
833 2049 946 2129 postea
963 2045 1189 2110 resuscitatum
1209 2044 1380 2109 crederent.

232 2154 344 2219 deinde
373 2154 503 2219 uocauit
529 2154 693 2230 Lanarum,
723 2156 755 2217 et
781 2153 954 2217 resurrexit
981 2156 1014 2217 et
1039 2152 1149 2236 ligatis
1177 2150 1325 2215 manibus
1348 2154 1382 2215 ct
1399 2180 1427 2219 ns

231 2260 367 2344 pedibus
400 2260 499 2325 exinit
529 2260 625 2325 foras.
658 2278 760 2324 nonne
793 2261 919 2342 poterat
950 2278 1114 2324 remouere
1147 2258 1287 2340 lapidem
1325 2258 1380 2339 qni

231 2370 358 2451 poterat
384 2370 547 2432 mortuum
574 2366 793 2431 resuscitare?
821 2369 855 2431 et
882 2366 936 2447 qui
964 2364 1072 2447 potuit
1098 2364 1249 2430 defuncto
1277 2363 1380 2429 uitam

231 2476 360 2542 reddere
392 2494 454 2540 non
486 2475 594 2559 potuit
625 2494 724 2539 nexus
758 2474 883 2539 soluere
915 2474 1144 2538 uinculorum?
1176 2472 1229 2537 oui
1262 2472 1379 2537 uinctis

231 2583 366 2666 pedibus
395 2601 541 2666 gressum
575 2581 672 2659 dedit,
705 2581 779 2645 hnic
812 2600 874 2647 non
903 2580 1009 2663 potuit
1034 2580 1138 2663 ruptis
1164 2579 1305 2643 uinculis
1332 2578 1379 2642 in-

231 2708 358 2754 cessum
382 2688 538 2753 reddere?
561 2687 617 2753 sed
641 2687 752 2771 utique
775 2686 973 2751 aduertimus
1005 2685 1091 2768 quod
1112 2686 1218 2750 uoluit
1238 2684 1379 2768 primum
1396 2692 1465 2749 aa:

231 2794 445 2861 demonstrare
491 2798 664 2869 mortuum,
709 2796 748 2857 ut
794 2792 896 2858 oculis
941 2793 1010 2857 suis
1051 2792 1223 2870 crederent,
1265 2790 1379 2856 deinde

230 2902 431 2979 resuscitare,
454 2902 549 2966 tertio
572 2901 691 2978 iubere,
716 2906 753 2965 ut
775 2900 840 2982 ipsi
862 2899 991 2964 uincula
1012 2898 1132 2964 funeris
1151 2900 1321 2976 soluerent‚
1341 2902 1379 2962 nt

229 3010 312 3073 inter
334 3008 398 3073 ista
419 3008 498 3073 fides
522 3007 742 3072 infunderetur
759 3006 943 3071 infidelibus
962 3010 995 3071 et
1012 3026 1068 3090 per
1086 3005 1203 3090 gradm
1222 3004 1378 3087 quosdam

230 3114 399 3180 credulitas
424 3117 615 3179 nasceretur.

140 3218 174 3300 8,
185 3220 227 3282 28
273 3222 366 3286 Fecit
392 3240 467 3304 ergo
495 3220 635 3303 primum
663 3219 742 3285 deus
767 3221 892 3285 caelum
916 3224 948 3285 et
970 3223 1097 3298 terram,
1122 3238 1159 3284 ea
1181 3222 1288 3283 tamen
1313 3238 1375 3283 non
1393 3234 1465 3290 osne

228 3329 319 3411 quasi
334 3330 497 3411 perpetua,
512 3326 569 3391 sed
584 3327 675 3408 quasi
691 3327 906 3409 corruptibilis
926 3330 1088 3392 creaturae
1106 3324 1375 3393 consummationi

227 3432 333 3498 uoluit
352 3432 525 3499 subiacere.
545 3432 630 3497 unde
650 3432 681 3496 in
700 3434 814 3498 Esaiae
832 3434 913 3500 libro
934 3434 998 3497 ait:
1017 3434 1148 3499 tollite
1167 3433 1203 3497 in
1228 3435 1374 3499 caelum

228 3539 360 3604 oculos
389 3542 542 3604 uestros
573 3541 610 3603 et
637 3539 800 3622 aspicite
828 3540 864 3603 in
898 3542 1034 3604 terram
1068 3538 1252 3617 deorsum,
1286 3542 1375 3624 qnia

318 3780 428 3836 1210h.
450 3782 491 3845 11,
510 3781 543 3835 41
564 3798 622 3851 sqq.
678 3783 711 3835 21
732 3781 803 3836 Esai.
823 3783 867 3845 51,
887 3786 904 3837 6

263 3924 279 3976 6
298 3922 440 3976 adoremus
461 3924 485 3976 0
501 3928 526 3977 ct
544 3924 624 3987 (corr.
643 3927 700 3991 m2)
720 3924 747 3976 P
764 3924 906 3978 adoremur
924 3928 1005 3993 (corr.
1024 3930 1080 3993 m2)
1098 3926 1125 3981 θ
1179 3930 1195 3981 'l
1213 3929 1301 3998 primo
1315 3929 1375 3983 MS

227 4010 243 4064 8
254 4011 324 4079 sort.
343 4010 440 4064 fecerit
458 4010 509 4080 (sic
530 4010 622 4079 Cant.)
703 4013 736 4067 10
754 4014 841 4083 primo
859 4013 891 4066 N
966 4014 998 4068 11
1018 4015 1059 4085 ut]
1078 4032 1113 4069 ne
1131 4016 1185 4084 N¹,·
1202 4034 1236 4070 ne
1254 4017 1371 4071 alterum

225 4101 311 4153 altero
333 4100 378 4165 (ri
399 4100 493 4167 Cant.)
514 4099 607 4154 deesse
627 4101 780 4155 crederetur
801 4101 883 4155 Gm2
903 4102 984 4156 Cant.
1034 4106 1068 4159 15
1087 4105 1242 4158 uocabitC
1306 4113 1371 4175 poet

225 4190 356 4242 Lazarum
377 4205 431 4242 rue.
454 4188 588 4243 alioue*
656 4190 759 4260 ligatus
777 4190 901 4245 PVM¹S
918 4198 944 4246 et
963 4194 1006 4260 (us
1023 4196 1073 4247 md
1090 4210 1124 4247 erc
1140 4194 1175 4260 is)
1195 4195 1232 4248 Μ
1276 4196 1309 4249 17
1327 4212 1370 4248 re·

225 4277 356 4331 suscitare
378 4276 501 4332 06an
520 4278 651 4333 suscitare
670 4286 716 4335 cet.
808 4281 844 4335 20
863 4282 949 4351 primo
975 4281 1030 4337 VN
1107 4284 1140 4337 21
1161 4288 1190 4337 et
1208 4284 1294 4337 oculis
1314 4282 1370 4341 Cu¹

224 4367 259 4419 23
278 4365 377 4435 grados
395 4366 477 4437 (corr.
496 4371 553 4435 m2)
576 4368 655 4423 c'cP
706 4368 741 4423 28
760 4370 789 4423 in
807 4386 859 4427 om.
878 4370 938 4426 MS
