3142 4967
472 426 622 481 Exanrerou
641 428 655 482 Ι
673 429 698 486 2.
718 430 742 493 3,
763 430 833 483 7-9
871 429 895 496 (Ι
914 433 931 484 4
949 431 1026 485 Β-5
1045 431 1089 498 Β).
1340 435 1358 499 7

214 620 475 699 dissoluereutur‚
500 622 562 686 uisi
594 622 626 687 in
660 623 710 687 sui
744 623 964 707 gubernatoris
997 625 1104 690 diuina
1137 626 1259 691 uirtute
1290 644 1361 691 eon-

206 730 344 792 ·stareut.
368 746 425 793 nec
446 728 593 793 inmerito
618 730 860 813 gubernatorem
884 731 1030 796 nesciunt
1053 732 1107 815 qui
1125 752 1186 797 uou
1205 738 1363 798 nouerant

215 835 320 911 deum,
346 853 519 918 perquem
552 836 656 899 omnia
688 840 842 921 reguntur
869 840 901 901 et
933 838 1159 922 gubernantur.
1192 860 1363 923 sequamur

215 960 290 1025 ergo
316 960 388 1005 eum
413 942 467 1023 qui
492 944 523 1007 et
556 946 719 1008 auctorem
752 944 843 1008 nouit
866 946 899 1007 et
922 944 1163 1029 gubernatorem
1188 965 1245 1011 uec
1269 948 1361 1013 uanis

183 1048 410 1113 subducamur
432 1048 644 1130 opinionibus.

98 1149 167 1232 3,8
259 1155 299 1219 Iu
333 1155 522 1239 principio
555 1156 668 1239 inquit.
703 1176 799 1241 quam
821 1157 923 1223 honus
948 1158 1034 1235 ordo,
1058 1159 1199 1224 utillud
1221 1159 1401 1243 primumn*

216 1262 378 1327 adsereret
401 1262 484 1345 quod
509 1282 623 1347 negare
647 1268 841 1329 consuerunt
863 1268 896 1329 et
918 1270 1146 1350 cognoscerent
1170 1266 1361 1350 principium

216 1388 287 1433 esse
310 1370 431 1449 muudi,
456 1388 493 1435 ne
518 1371 585 1435 siue
608 1370 763 1454 principio
783 1370 940 1436 muudum
958 1389 1029 1437 esse
1047 1372 1191 1437 homines
1211 1373 1363 1438 arbitren-

215 1479 277 1540 tur.
301 1476 385 1540 unde
409 1480 441 1541 et
464 1477 577 1555 Dauid,
603 1496 676 1543 cum
700 1477 738 1543 de
762 1478 850 1543 caelo
870 1482 903 1543 et
919 1481 1003 1544 terra
1022 1482 1054 1543 et
1071 1480 1151 1544 mari
1167 1481 1402 1563 loqueremur

172 1584 277 1648 waitz
310 1583 432 1647 o'muia
464 1584 499 1647 in
538 1584 728 1665 sapientia
760 1585 902 1650 fecisti.
937 1585 1025 1651 dedit
1057 1605 1131 1671 ergo
1170 1586 1363 1670 principium

217 1690 346 1767 mundo,
379 1688 466 1755 dedit
499 1690 595 1755 etiam
627 1694 789 1755 creaturae
821 1690 1050 1768 infirmitatem,
1083 1712 1122 1756 ne
1149 1689 1295 1777 ἄναρχον,
1323 1710 1362 1756 ne

216 1798 391 1862 increatum
423 1800 456 1861 et
488 1798 613 1863 diuinae
646 1802 826 1864 consortem
858 1798 1056 1863 substantiae
1089 1798 1297 1865 crederemus,
1331 1802 1363 1861 et

217 1905 349 1987 pulchre
369 1904 492 1969 addidit
509 1904 612 1983 fecit,
632 1924 671 1968 ue
691 1924 779 1969 mora
797 1904 828 1969 in
849 1904 992 1971 faciendo
1010 1904 1112 1971 fuisse
1132 1905 1363 1981 aestimaretur,

199 2017 255 2105 ¹ut
273 2014 327 2078 uel
345 2012 391 2077 sic
410 2010 634 2097 intellegerent
656 2013 801 2078 homines
825 2032 920 2095 quam
942 2012 1200 2095 incomparabilis
1220 2015 1365 2096 operator

176 2141 199 2178 1⁵
219 2122 314 2200 esset,
340 2120 394 2203 qui
417 2122 540 2185 tantum
564 2138 644 2202 opus
667 2120 758 2184 breui
782 2120 959 2204 exiguoque
978 2124 1139 2185 momento
1159 2139 1235 2184 suae
1255 2139 1362 2203 opera·
1381 2128 1439 2183 eh

217 2227 314 2292 tionis
353 2226 541 2303 absolueret,
581 2231 619 2292 ut
654 2226 831 2293 uoluntatis
869 2228 1002 2293 effectus
1042 2247 1170 2292 sensum
1211 2226 1363 2310 temporis

216 2333 425 2417 praeueniret.
450 2352 542 2397 nemo
566 2337 748 2416 operantem
772 2333 865 2408 uidit,
890 2334 945 2399 sed
965 2334 1097 2417 agnouit
1115 2336 1288 2418 operatum.
1307 2333 1364 2398 ubi

217 2440 318 2523 igitur
341 2460 439 2517 mora,
464 2458 536 2504 cum
568 2440 670 2523 legas:
705 2440 792 2521 quia
823 2440 904 2523 ipse
937 2440 1032 2505 dixit
1065 2444 1101 2505 et
1132 2441 1234 2505 faeta
1266 2442 1363 2510 sunt,

218 2548 300 2629 ipse
324 2546 517 2611 mandauit
541 2550 577 2611 et
601 2550 727 2611 creata
751 2549 863 2611 suut?
886 2566 944 2612 nee
967 2547 1044 2611 artis
1067 2546 1166 2631 igitur
1188 2565 1284 2611 usum
1307 2565 1363 2610 uec

174 2668 199 2707 20
218 2652 349 2717 uirtutis
389 2653 515 2736 expedit
551 2653 606 2735 qui
639 2656 799 2719 momento
838 2673 914 2718 suae
951 2653 1126 2718 uoluntatis
1163 2652 1364 2717 maiestatem

219 2762 325 2825 tantae
350 2760 539 2843 operationis
563 2760 709 2842 inpleuit,
733 2762 770 2825 ut
795 2778 934 2842 eaquae
958 2780 1019 2824 nou
1044 2763 1132 2824 eraut
1154 2777 1224 2823 esse
1246 2760 1364 2823 faceret

219 2871 285 2931 tam
316 2868 481 2944 uelociter,
505 2870 541 2930 ut
565 2886 666 2949 ueque
699 2868 849 2933 uoluntas
873 2866 1048 2951 operationi
1070 2872 1285 2950 praecurreret
1307 2886 1364 2930 nec

153 2972 172 3035 9
220 2975 359 3057 operatio
392 2973 563 3039 uoluntati.
595 2974 720 3040 miraris
759 2994 850 3057 opus,
884 2974 1009 3055 quaeris
1047 2977 1252 3057 operatorem,
1291 2972 1403 3054 quisB

218 3080 408 3164 principium
433 3084 522 3145 tanto
546 3080 633 3163 operi
656 3080 786 3159 dederit,
808 3081 879 3163 quis
902 3084 969 3146 tam
993 3080 1056 3147 cito
1079 3080 1204 3145 fecerit:
1229 3079 1364 3143 subiecit

173 3199 200 3237 ²⁵
220 3189 331 3253 statim
355 3188 463 3253 dicens
488 3188 562 3269 quia
586 3186 677 3252 deus
712 3188 806 3251 fecit
838 3189 983 3253 caelum
1012 3190 1048 3251 et
1074 3192 1222 3253 terram.
1247 3186 1364 3251 audisti

219 3300 392 3371 auctorem,
418 3294 562 3359 dubitare
586 3313 647 3359 non
672 3293 779 3359 debes.
803 3293 855 3359 hic
880 3297 939 3372 eat,
962 3294 994 3359 iu
1019 3313 1081 3377 quo
1104 3292 1264 3358 benedixit
1286 3292 1365 3356 Mel-

220 3402 390 3467 chisedech
412 3401 571 3465 Abraham
594 3403 717 3484 patrem
740 3400 914 3465 multarum
938 3400 1082 3485 gentium
1106 3400 1228 3465 diceus:
1260 3400 1365 3463 bene-

221 3506 347 3571 dictus
362 3505 547 3571 Abraham
562 3506 628 3572 deo
645 3526 798 3584 summo,
816 3507 878 3589 qui
897 3507 991 3572 fecit
1006 3506 1150 3571 caelum
1166 3510 1203 3570 et
1217 3509 1363 3569 terram.

310 3696 585 3768 3Bas.8B(ssC)
654 3696 853 3753 suessae
872 3700 899 3770 (3
919 3698 1009 3764 Ο-Ε)
1076 3697 1227 3752 lorsam.
1247 3694 1311 3751 CIII
1330 3696 1365 3748 24

221 3788 254 3840 18
273 3788 373 3841 Psalm.
393 3786 494 3840 XXXII
513 3788 529 3841 9
583 3786 618 3840 27
638 3784 703 3841 Gen.
726 3788 768 3849 14,
790 3787 823 3841 19

257 3894 273 3945 7
294 3896 492 3947 consueuerunt
511 3892 578 3947 ΝΒ
685 3892 702 3946 8
721 3894 887 3947 arbitrentur
907 3892 960 3947 CV
976 3900 1001 3947 et
1018 3897 1060 3947 ml
1081 3890 1107 3946 G
1126 3891 1321 3946 arbitrarentur
1341 3892 1365 3945 G

219 3986 268 4035 cra?
286 3984 317 4033 in
335 3998 385 4051 cap.
405 3988 451 4035 eet.
500 3983 530 4034 11
552 3984 701 4035 creatorem
722 3982 745 4035 (ἴ
816 3982 1002 4036 infirmitatem
1019 3982 1044 4036 G
1063 3982 1105 4051 (in
1122 3998 1172 4050 arg.
1192 3979 1365 4034 m2inforure

219 4071 346 4137 materia)
365 4071 508 4125 iniornram
528 4070 593 4137 (inse
613 4087 683 4125 mem
696 4070 750 4137 Μ’)
769 4071 949 4127 materiamtl
969 4075 999 4137 (a.
1019 4074 1066 4124 m2
1083 4070 1096 4122 d
1114 4070 1308 4133 infinnitatem)
1323 4070 1366 4121 Μ’

256 4164 482 4219 misen-oft
499 4160 568 4213 Une
583 4160 718 4214 anarchon
734 4160 760 4213 G
773 4166 821 4213 cet.
878 4161 910 4214 17
929 4176 1008 4213 nemo
1024 4159 1094 4212 enim
1108 4158 1133 4214 G
1149 4159 1232 4223 (enim
1246 4165 1324 4212 extra
1338 4176 1364 4211 a.

220 4250 278 4315 mat
305 4248 387 4302 Cant.
478 4250 512 4303 20
536 4249 644 4320 expedit
673 4249 695 4301 (ι1
717 4249 836 4318 erpeetit
862 4248 888 4301 V
911 4246 1037 4318 expendit
1061 4248 1084 4299 G
1109 4253 1138 4315 (n
1162 4246 1227 4301 add.
1255 4250 1313 4312 7112)
1336 4246 1369 4299 N

221 4338 257 4391 22
275 4354 362 4406 neque
382 4338 502 4408 operatio
521 4338 558 4391 M
586 4338 669 4391 Corn.
