3142 4967
243 427 305 490 176
719 422 914 476 Ambrosii

242 619 350 684 auium
369 637 470 703 genus
489 619 604 700 pedum
626 617 731 684 officio
751 622 846 693 caret,
867 619 942 701 quia
961 619 1108 683 omnibus
1126 618 1233 682 uictus
1253 637 1269 681 e
1285 617 1386 693 terris

242 729 274 788 et
300 726 371 790 ideo
400 727 518 810 pedum
545 745 676 790 munere
700 726 888 802 fulciuntur,
913 727 989 809 quia
1011 725 1194 791 huiusmodi
1219 725 1259 789 ad
1283 744 1387 789 escam

241 833 449 912 quaerendam
468 815 612 918 indigent
630 833 817 898 ministerio.
836 833 944 914 itaque
963 833 1045 897 aliae
1064 834 1211 897 uolucres
1226 833 1387 916 unguibus

240 942 401 1004 armantur
428 939 467 1004 ad
495 942 631 1023 raptum.
660 943 697 1003 ut
726 939 893 1020 accipitres
923 942 956 1003 ct
983 939 1119 1021 aquilae,
1144 959 1225 1022 quae
1247 939 1389 1021 rapinam

240 1046 418 1112 uenationis
448 1052 609 1112 exercent:
640 1047 718 1112 aiiae
746 1048 800 1112 uel
828 1047 867 1111 ad
895 1047 1105 1112 incedendum
1133 1046 1186 1110 nel
1214 1047 1252 1110 ad
1281 1046 1387 1110 cibum
1417 1067 1430 1104 a

241 1154 302 1218 sibi
325 1154 497 1237 parandum
523 1174 583 1218 usu
607 1155 847 1235 ministerioque
872 1157 1006 1218 utuntur
1028 1154 1246 1218 adcommodo.
1568 1230 1569 1243 χ

187 1254 229 1318 47
285 1260 392 1326 Unum
419 1263 526 1324 autem
550 1279 663 1326 nomen
689 1261 809 1339 auium,
834 1261 891 1325 sed
914 1280 1029 1345 genera
1052 1261 1189 1337 diuersa,
1212 1279 1293 1342 quae
1317 1259 1390 1341 quis
1450 1273 1472 1326 F
1568 1272 1569 1347 J

240 1367 344 1451 possit
367 1370 423 1430 aut
445 1368 597 1432 memoria
617 1371 672 1432 aut
691 1368 872 1451 cognitione
892 1368 1170 1450 conprehendere?
1189 1367 1389 1448 sortitaque
1568 1362 1569 1373 ’

241 1493 328 1550 auec,
353 1492 433 1556 quae
458 1492 548 1538 carne
571 1477 755 1540 uescuntur.
780 1474 851 1539 ideo
875 1474 926 1538 his
944 1494 1069 1558 ungues
1089 1475 1202 1556 asperi,
1222 1477 1391 1538 curuatunr

241 1585 336 1663 atque
364 1583 495 1644 acutum
524 1599 570 1658 oa,
600 1581 692 1645 uelox
719 1581 861 1656 uolatus,
891 1581 1040 1664 qnoniam
1069 1585 1161 1665 raptu
1193 1582 1320 1654 uiuunt,
1353 1582 1391 1642 ut
1410 1605 1435 1643 ro

240 1689 367 1770 possint
377 1686 470 1752 facile
480 1685 627 1769 praedam
639 1687 893 1770 conprehendere
908 1708 1004 1771 quam
1020 1691 1180 1765 secuntur,
1195 1707 1326 1771 propere
1338 1687 1390 1751 uel

241 1813 294 1860 ore
318 1797 370 1860 uel
393 1795 555 1880 unguibus
575 1796 759 1860 euiscerare.
780 1799 856 1860 suut
874 1796 970 1859 etiam
989 1815 1076 1871 aues,
1097 1814 1177 1877 quae
1195 1797 1318 1878 reperto
1338 1813 1390 1877 pa-

241 1904 373 1968 scuntur
396 1901 526 1976 semine,
551 1899 631 1964 aliae
651 1899 777 1966 diuerso
798 1904 831 1964 et
848 1900 981 1965 fortuito
1001 1901 1082 1965 cibo.
1103 1905 1153 1964 est
1172 1900 1268 1964 etiam
1288 1899 1391 1963 diuer-

241 2009 319 2074 sitas
344 2007 539 2090 copularum,
565 2025 697 2087 quarum
721 2008 823 2090 gratia
846 2011 952 2071 carent
976 2027 1056 2089 quae
1075 2007 1244 2071 intendunt
1261 2006 1389 2089 rapinis.

241 2135 313 2178 nam
341 2117 470 2197 propter
498 2113 685 2178 auiditatem
708 2113 879 2195 praedandi
904 2115 957 2178 uel
980 2117 1109 2196 propter
1130 2112 1263 2178 insidias
1288 2114 1435 2195 expio-1⁵

240 2221 409 2287 randinco
433 2221 513 2304 ipsis
538 2221 620 2284 inter
644 2238 676 2285 se
702 2221 861 2296 conuenit,
887 2224 919 2284 et
942 2220 1013 2285 ideo
1038 2220 1198 2286 declinant
1221 2220 1271 2284 sui
1295 2239 1390 2303 copu-
1452 2234 1521 2289 991

240 2330 304 2394 lam
317 2365 362 2376 —-
375 2327 495 2411 refugit
513 2327 597 2390 enim
617 2327 752 2392 auaritia
771 2327 966 2392 consortium
986 2327 1195 2410 plurimorum
1209 2365 1264 2403 -,
1279 2326 1390 2390 deinde

242 2435 421 2501 coniunctio
459 2433 668 2516 plurimorum
707 2433 800 2498 facile
840 2435 910 2516 ipsa
952 2453 985 2497 se
1026 2433 1183 2517 proderet.
1225 2433 1275 2497 his
1317 2453 1390 2517 ergo

242 2543 356 2608 auibus
380 2541 459 2605 nihil
484 2543 534 2606 est
557 2539 792 2623 copulatorium
815 2542 939 2620 praeter
962 2540 1068 2624 iugale
1092 2540 1297 2605 consortium.
1317 2559 1390 2622 ergo

244 2648 358 2730 aquilis
378 2647 647 2730 accipitribusque
665 2648 717 2712 hic
737 2667 816 2712 usus
832 2651 883 2712 est
897 2650 994 2725 uitae,
1011 2651 1120 2713 contra
1134 2668 1210 2714 uero
1225 2648 1390 2713 columbae
1408 2672 1434 2712 aa

244 2773 337 2838 grues
352 2755 455 2818 sturni
471 2756 559 2820 corui
573 2758 668 2837 atque
684 2754 835 2831 cornices,
853 2756 949 2818 etiam
964 2755 1048 2819 turdi
1065 2755 1206 2839 gaudent
1219 2755 1391 2838 plurimum

190 2871 232 2934 48
244 2861 420 2926 conexione.
446 2862 508 2926 alia
527 2881 653 2944 qnoque
674 2863 782 2926 auium
802 2881 916 2945 genera
936 2863 1093 2939 enchoria,
1114 2882 1194 2945 quae
1213 2862 1390 2928 manentia
1454 2874 1479 2928 Β
1568 2868 1569 2921 1

241 2967 322 3032 locis
351 2987 486 3048 semper,
517 2969 578 3031 alia
606 2968 797 3045 aduenticia,
826 2988 906 3050 quae
936 2970 1055 3033 obeunt
1082 2971 1228 3053 regiones
1257 2970 1335 3034 alias
1359 2973 1392 3037 ct

242 3075 370 3154 peraeta
384 3073 486 3138 hieme
500 3077 711 3142 reuertuntur.
728 3078 803 3138 sunt
817 3075 888 3143 alia.
904 3095 984 3157 quae
1000 3075 1103 3140 hieme
1117 3077 1260 3152 redeunt,
1272 3079 1391 3141 aestate

243 3180 482 3262 peregrinantur
515 3201 533 3243 a
565 3181 666 3260 nohis,
700 3181 768 3244 siue
803 3180 886 3263 quod
924 3181 986 3245 alia
1021 3182 1136 3247 hiemis
1173 3185 1315 3266 tempore
1352 3181 1437 3248 ades

337 3463 348 3515 l
371 3462 431 3514 Bas.
453 3463 503 3516 169
522 3462 544 3515 A
565 3463 610 3531 (72
630 3461 687 3530 BC)
765 3463 781 3515 8
801 3461 864 3515 Bas.
886 3463 934 3516 171
957 3463 977 3516 Α
1000 3463 1044 3527 (73
1063 3462 1121 3529 ΑΒ)
1199 3464 1234 3516 22
1252 3461 1315 3517 Bas.
1336 3463 1383 3515 171

244 3550 267 3604 Β
289 3551 334 3616 (73
353 3550 385 3616 B)

281 3711 297 3764 3
317 3708 498 3779 quaerendum
521 3707 648 3772 C(-dam
668 3713 725 3774 nr3)
747 3709 774 3762 P
844 3709 994 3762 ministerio
1017 3709 1040 3761 Ο
1058 3709 1078 3772 (i
1093 3725 1138 3777 pr.
1158 3715 1184 3762 ct
1203 3710 1252 3763 alt.
1271 3709 1303 3763 ia
1320 3715 1391 3770 raa.)

245 3801 309 3853 cet
328 3799 433 3853 SDr'ra
459 3797 541 3852 Uiad.
563 3805 610 3850 eut
628 3797 655 3850 Β
674 3799 737 3850 Atr.
760 3797 828 3851 Tell.
852 3797 927 3851 Trec.
948 3804 979 3850 ut
998 3804 1055 3864 cet,
1068 3799 1138 3865 sort.
1158 3797 1202 3851 uel
1270 3798 1287 3851 8
1305 3798 1393 3867 possit

245 3894 336 3952 autem
359 3887 382 3940 (Γ
453 3887 620 3955 cogitatione
639 3885 666 3938 Β
684 3887 752 3940 Diu.
776 3886 844 3940 Teu.
868 3886 942 3940 Trcc.
1007 3888 1198 3940 taurinatum
1219 3885 1243 3938 Ο
1261 3887 1288 3951 (b
1308 3889 1391 3950 eros.)

246 3981 392 4032 curuantur
411 3977 437 4028 P
473 3976 502 4028 ll
525 3974 652 4044 praedam
673 3973 905 4044 conpraehendere
926 3975 949 4026 Π
970 3977 1100 4044 corripere
1120 3975 1248 4045 praedam
1266 3973 1298 4028 N
1349 3991 1393 4027 se·

247 4071 364 4136 quuntur
381 4065 513 4121 dtJI'MB
552 4065 584 4117 14
604 4068 696 4118 carent
715 4062 825 4118 HMSB
844 4070 937 4117 carent
955 4064 1011 4117 fere
1025 4064 1062 4117 N⁴
1100 4065 1135 4118 20
1154 4063 1295 4119 columbae
1312 4063 1394 4118 Gm2

247 4155 376 4210 columbae
396 4155 422 4206 Β
446 4153 587 4223 palumbes
606 4153 664 4208 MS
682 4154 799 4208 columbi
818 4153 855 4207 N‘
875 4153 1011 4207 columbos
1028 4153 1171 4206 Gru1cct.
1209 4155 1240 4206 21
1258 4169 1352 4220 grsues
1371 4151 1395 4202 (¹

246 4261 342 4312 graues
361 4243 403 4296 Μ’
464 4243 607 4313 plurimum
628 4241 652 4294 (J
670 4245 705 4309 (m
721 4258 767 4310 pr.
788 4245 870 4306 crae.)
889 4241 1066 4310 plurimorum
1083 4241 1168 4296 MSB
1208 4242 1243 4294 22
1263 4239 1391 4294 enchoria

246 4331 304 4385 MS
322 4333 428 4384 encoria
447 4337 493 4386 cet.
