3142 4967
384 489 427 542 De
446 487 513 544 Cain
533 491 561 542 ct
575 487 644 542 Abel
661 489 675 541 I
693 491 718 553 5,
739 489 843 542 17-19
882 487 906 556 (Ι
927 489 977 542 192
995 487 1097 556 A-F).
1252 493 1315 554 355

172 686 426 751 firmitatem.
456 681 612 764 plurimas
641 681 749 763 itaque
774 683 849 765 gula
874 701 931 746 sua
956 681 1082 760 occidit,
1107 683 1231 746 nullum
1254 683 1317 747 iru-

172 793 301 878 galitas:
329 790 504 854 innumeris
532 790 608 853 uina
632 791 820 855 uecrrerunt.
844 789 925 852 uulli
948 789 1149 871 parsimonia.
1174 789 1316 872 plerique
1337 803 1359 854 b

171 899 254 962 inter
275 898 386 980 epulas
409 897 518 961 fudere
542 897 683 960 animam
707 899 739 959 et
762 913 889 960 meuses
912 895 1037 978 proprie
1062 896 1225 978 replerunt
1247 916 1317 960 san-

172 1006 275 1090 guine.
309 1004 381 1068 aliis
414 1003 554 1069 cruditas
586 1022 700 1068 uocem
733 1002 830 1066 simul
860 1004 968 1086 rapuit
1001 1005 1033 1067 et
1060 1022 1200 1080 sensum,
1230 1005 1262 1068 et
1290 1005 1316 1068 si

138 1112 331 1193 saliquibus
364 1109 505 1175 cruditas
537 1109 629 1173 neria
652 1129 714 1174 non
741 1109 813 1186 fuit,
843 1108 893 1172 his
921 1108 1043 1172 ruinam
1071 1107 1147 1173 lecit
1170 1109 1315 1175 ebrietes.

170 1217 249 1282 alies
278 1217 311 1281 in
340 1216 457 1280 crimen
488 1215 554 1298 egit
585 1215 733 1288 ebrietas
763 1214 825 1279 etsi
852 1215 923 1297 ipsa
951 1214 1068 1278 crimen
1098 1215 1150 1292 sit,
1174 1215 1253 1279 alies
1279 1217 1317 1280 ad

170 1327 345 1408 egestatem
377 1322 510 1406 redegit.
544 1325 707 1405 pestremo
741 1321 815 1386 audi
854 1339 934 1402 ques
972 1321 1118 1386 Christus
1160 1323 1315 1388 excludat.

170 1451 256 1495 cum
287 1430 514 1494 intrauerit
545 1428 654 1510 inquit
687 1432 805 1510 pater
836 1429 1019 1492 familias
1047 1432 1086 1492 et
1114 1429 1316 1494 clauserit

170 1537 333 1613 ostium,
366 1537 587 1619 incipietis
622 1535 727 1600 toris
760 1539 872 1600 stare
901 1539 940 1600 et
967 1535 1133 1618 pulsare
1164 1521 1315 1600 estium

14 1710 18 1734 Ι
129 1669 154 1706 10
172 1644 373 1708 dicentes:
398 1645 510 1726 aperi
532 1643 664 1708 nebia.
690 1646 729 1706 et
751 1641 1001 1724 respondens
1027 1642 1151 1708 dicet:
1176 1645 1314 1708 neseio

168 1771 240 1816 ures
264 1752 368 1816 unde
392 1751 513 1826 estis;
533 1749 719 1814 recedite
744 1769 762 1813 a
784 1769 843 1813 me
874 1767 1009 1814 omues
1039 1752 1217 1835 operarii
1244 1752 1315 1816 ini·
1339 1755 1360 1806 l:

170 1858 356 1941 quitatis.
392 1861 490 1922 tunc
526 1857 750 1939 incipietis
788 1857 940 1920 dicere:
981 1857 1315 1922 manducauimus

171 1984 301 2029 ceram
319 1968 358 2028 te
378 1968 416 2028 et
434 1963 614 2028 bibimus
639 1965 679 2027 et
700 1963 740 2026 in
763 1963 918 2046 plateis
942 1963 1097 2028 nestris
1122 1965 1314 2030 docuisti.

171 2075 209 2136 et
240 2070 350 2135 dicet
382 2070 519 2135 uobis:
558 2071 699 2135 nescio
733 2069 836 2135 unde
870 2069 984 2134 estis.
1019 2071 1137 2136 audisti
1170 2071 1247 2154 quid
1278 2073 1315 2138 de

129 2200 153 2239 1⁵
169 2177 433 2243 manducantibus
458 2177 582 2242 dixerit:
608 2177 682 2242 audi
705 2197 789 2242 nuuc
814 2177 889 2260 quid
918 2177 955 2242 de
978 2177 1192 2242 ieiunantibus
1217 2179 1314 2244 dicet:

169 2287 279 2350 beati
313 2287 380 2368 qui
413 2303 515 2348 nuuc
549 2285 739 2349 esuriunt
772 2287 811 2348 et
842 2285 1006 2360 sitiunt,
1041 2285 1135 2367 quia
1164 2289 1315 2350 actura

169 2393 319 2458 buntur
347 2395 380 2456 et
402 2393 498 2456 iufra:
528 2411 601 2456 arae
630 2392 762 2458 uobis.
792 2393 858 2473 qui
888 2393 1065 2456 saturati
1090 2392 1201 2466 estis,
1227 2412 1315 2474 que-

90 2499 127 2560 19
169 2500 269 2563 niam
302 2499 513 2563 esurietis.
540 2499 597 2563 sed
630 2499 680 2562 nie
713 2498 912 2575 manducare,
946 2499 997 2562 uis
1025 2499 1153 2562 bibere?
1180 2500 1253 2563 ueni
1277 2500 1317 2563 ad

170 2606 353 2671 conuiuium
367 2605 551 2688 sapientiae,
573 2623 653 2686 quae
668 2605 791 2669 'inuitat
806 2624 915 2670 omues
935 2625 1007 2669 cum
1027 2625 1141 2688 magua
1158 2607 1316 2688 praedicu-

127 2713 254 2776 rntiene
284 2711 406 2776 diceus:
437 2712 577 2776 uenite
608 2717 647 2776 et
675 2711 784 2776 edite
817 2731 939 2794 panes
971 2731 1079 2776 meos
1114 2715 1151 2774 et
1183 2712 1314 2777 bibite
1339 2727 1360 2778 F

171 2819 315 2889 uinum,
341 2819 445 2900 qued
467 2819 619 2883 miscui
643 2820 774 2884 uobis.
801 2819 958 2883 delectent
981 2819 1112 2896 cantica,
1138 2838 1217 2900 quae
1241 2838 1315 2902 epu-

169 2923 285 2989 lantem
304 2923 526 2989 demulceant?
547 2924 622 2987 audi
644 2925 834 2990 hortantem.
854 2925 929 2988 audi
950 2927 1127 2988 cantantem
1148 2925 1314 2989 ecclesiam

170 3051 227 3096 nen
261 3031 366 3096 selum
400 3032 432 3094 iu
465 3031 608 3108 canticis,
642 3032 699 3095 sed
733 3032 829 3095 etiarn
861 3031 892 3095 iu
928 3031 1067 3097 Canticie
1105 3032 1313 3096 canticorum:

170 3138 416 3218 manducate,
440 3137 617 3220 preximi
641 3139 733 3215 mei,
759 3142 799 3203 et
821 3138 953 3202 bibite
978 3141 1017 3202 et
1039 3139 1314 3212 inebriamini,

125 3263 151 3299 2³
171 3245 319 3307 iratres
347 3244 432 3308 mei.
462 3245 517 3308 sed
547 3245 624 3308 haec
654 3243 791 3308 ebrietas
822 3245 1155 3322 s0b1·i0efaeit‚l1aec
1180 3247 1314 3310 ebrietes

171 3351 299 3433 gratiae,
336 3369 398 3415 nen
436 3352 643 3416 temulentiae
683 3355 742 3416 est.
782 3351 937 3416 laetitiam
974 3356 1112 3436 generat,
1146 3373 1204 3417 neu
1239 3353 1314 3417 titu-

169 3458 318 3522 bautiarn.
355 3477 412 3522 uec
448 3458 586 3522 uerearis
626 3479 664 3522 ne
701 3459 733 3522 iu
767 3459 915 3524 conuiuio
949 3459 1100 3523 eeclesiae
1140 3463 1195 3524 uut
1232 3461 1313 3542 grati

255 3719 330 3773 nef.
354 3719 388 3773 de
411 3719 492 3774 Helia
516 3721 541 3780 8,
566 3721 660 3788 22sq.
733 3721 838 3775 8Luc.
860 3721 902 3783 13,
923 3721 1027 3776 25-27
1094 3722 1126 3774 16
1152 3721 1213 3776 Luc.
1234 3723 1258 3776 6.
1279 3723 1310 3774 21

168 3810 201 3862 17
218 3809 284 3862 Luc.
304 3808 328 3870 6,
348 3811 383 3863 25
437 3809 472 3863 ‘20
490 3809 619 3862 Prouerb.
640 3815 665 3870 9,
685 3813 701 3862 5
756 3811 791 3862 24
811 3810 889 3864 Cant.
909 3811 934 3872 5,
955 3811 967 3863 1

202 3951 218 4003 2
236 3953 385 4005 innumeris
403 3951 442 4006 Μ
458 3956 533 4018 (num
552 3969 586 4006 en
605 3970 669 4006 mun
687 3957 745 4018 m2)
844 3954 859 4006 3
879 3954 1051 4022 repleuerunt
1071 3953 1097 4005 P
1115 3955 1159 4018 (ue
1178 3967 1199 4006 a.
1217 3953 1256 4012 u.)
1278 3951 1312 4002 P‘

166 4043 183 4094 6
202 4041 269 4094 alios
281 4083 287 4094 .
300 4085 305 4096 .
317 4085 322 4096 .
335 4041 452 4095 ebrietas
470 4059 521 4095 om.
541 4043 578 4095 M
594 4043 709 4096 lllenac.
730 4045 818 4104 2549,
837 4043 869 4095 in
888 4060 936 4112 orry.
961 4041 1079 4096 Ur'udob.
1102 4043 1162 4094 758
1226 4042 1255 4094 11
1278 4041 1312 4092 si·

165 4130 202 4182 tie
226 4129 252 4181 V
323 4131 356 4183 12
375 4129 597 4184 manducabimus
617 4131 759 4184 Mares
783 4138 807 4184 et
827 4135 906 4196 (corr.
926 4134 982 4196 m2)
1003 4129 1025 4184 S
1098 4131 1129 4182 13
1150 4135 1177 4182 et
1195 4128 1313 4181 bibimus

166 4225 231 4271 ante
249 4235 338 4272 coram
357 4223 386 4272 te
406 4225 596 4288 transponunt
613 4223 642 4276 Il
659 4220 772 4273 brenac.
794 4223 876 4272 2549
932 4222 965 4274 14
985 4218 1055 4288 quod
1075 4219 1111 4272 M
1162 4219 1196 4272 25
1215 4217 1312 4270 fratrea

166 4307 205 4362 ed.
223 4307 305 4362 Rom.
326 4305 445 4378 (ἀδελφοί
458 4307 556 4372 LXX)
578 4312 669 4378 patres
690 4308 756 4362 libri
775 4313 876 4377 (patres
897 4309 949 4360 ruei
968 4309 997 4360 iu
1019 4324 1074 4360 rua.
1092 4307 1128 4376 R)
1182 4307 1216 4360 27
1236 4323 1311 4360 uere-

163 4395 218 4448 arie
237 4396 272 4460 (is
292 4411 326 4448 es·
344 4412 373 4448 ce
391 4399 449 4461 m2)
469 4395 527 4450 SM

1226 4501 1276 4553 23*
