3142 4967
465 449 506 501 De
525 448 585 501 Noc
603 449 647 512 25,
667 449 709 502 92.
730 449 764 503 93
803 449 826 517 ss
844 449 896 503 266
916 448 1016 514 a-F).
1247 452 1313 515 479

166 646 302 710 animam
327 644 428 709 carnis
453 644 639 727 sanguinem
665 643 854 727 appellauit:
879 644 910 707 in
931 662 1021 707 carne
1042 642 1125 707 euim
1145 642 1315 708 delectatio

166 757 198 817 et
219 752 326 835 passio
355 756 415 829 est,
443 770 503 815 non
532 771 621 815 mens
650 755 682 815 et
713 750 922 815 ratiocinatio.
955 754 1060 813 tarnem
1090 748 1117 811 si
1146 748 1315 833 diligenter

164 859 320 937 intendas,
344 860 396 923 hic
419 859 508 923 locus
531 859 622 923 illum
648 858 801 940 explanat.
827 876 896 921 cunr
924 857 1007 921 enim
1030 856 1089 919 boc
1113 856 1183 920 loco
1203 855 1317 919 dixerit

165 965 350 1049 sanguinem
387 965 534 1037 animam,
568 964 679 1046 utique
713 964 909 1047 significauit
941 962 1027 1027 aliud
1061 982 1131 1027 esse
1165 962 1311 1029 animam.

13 1124 17 1186 1
134 1072 251 1137 aaliud
276 1072 473 1157 sanguinem,
496 1076 534 1135 ut
557 1071 601 1135 sit
624 1069 1236 1152 animaesubstantiaspiritusuitalis,
1257 1069 1313 1133 sed

163 1180 269 1263 ipsum
294 1179 440 1260 spiritum
466 1179 514 1241 uit
501 1179 633 1242 alem
622 1182 682 1241 non
692 1185 763 1281 per
787 1182 862 1241 set
848 1179 972 1241 tantum
1003 1180 1034 1239 et
1003 1176 1130 1241 esino
1160 1175 1312 1259 sanguine

13 1223 20 1386 ἶ
164 1306 257 1351 usirm
291 1285 411 1350 adferre
444 1286 584 1349 uiuendi.
619 1285 674 1349 sed
707 1285 907 1349 commisceri
941 1284 1097 1367 sanguini,
1131 1280 1204 1366 quia
1238 1290 1312 1347 sunt

13 1441 17 1476 ,
164 1414 243 1475 quae
267 1393 428 1475 appellari
429 1413 467 1456 ui
489 1392 621 1457 arteriae
644 1392 735 1456 uelut
721 1397 849 1475 recep
852 1384 957 1483 acblg
981 1390 1055 1474 epiri
1059 1394 1123 1466 t,us
1148 1410 1227 1473 quae
1250 1410 1310 1454 non
1333 1403 1357 1456 t)

163 1500 268 1564 solum
296 1519 398 1564 aerem
423 1518 536 1583 purum
562 1500 701 1582 amplect
702 1501 759 1563 unt
760 1518 807 1576 ur,
833 1498 888 1563 sed
914 1498 1009 1562 etiam
1034 1496 1230 1581 sanguinem,
1255 1497 1311 1561 sed

122 1624 146 1662 1⁰
163 1608 314 1670 minorem
339 1606 432 1690 longe
456 1607 620 1689 sauguinis
644 1606 831 1689 portionem.
867 1605 992 1689 gemina
1020 1604 1100 1668 cnim
1132 1624 1203 1669 cum
1233 1622 1311 1668 uasa

163 1713 237 1786 sint,
262 1712 350 1777 aliud
372 1732 471 1777 irenae
496 1732 576 1796 quae
600 1712 679 1801 φλὲψ
704 1731 815 1797 graece
840 1711 1026 1793 appellatur,
1052 1710 1137 1774 aliud
1166 1711 1308 1787 arteriae,

162 1838 244 1883 uena
279 1821 353 1901 plus
390 1820 487 1885 babet
524 1820 688 1904 sanguinis
721 1840 816 1901 qnam
853 1818 995 1902 spiritns,
1033 1818 1094 1883 boc
1132 1822 1181 1883 est
1219 1818 1308 1903 φλὲψ,

162 1926 275 1990 arteria
298 1926 405 1991 minus
428 1927 603 2011 sanguinis,
627 1927 728 1991 multo
753 1926 890 2009 amplius
921 1925 1063 2007 spiritus,
1097 1925 1160 1989 iam
1189 1928 1308 2008 tempe-

161 2033 240 2097 ratio
265 2052 321 2115 pro
346 2033 531 2098 diuersitate
555 2038 687 2099 naturae
711 2037 761 2097 est
783 2032 945 2097 bominum
972 2032 1182 2115 singulorum.
1216 2032 1309 2096 altior

9 2218 10 2222 Ἰ
82 2128 148 2197 9315
163 2142 268 2203 autem
292 2158 405 2205 sensus
439 2139 594 2203 delectare
626 2143 657 2204 tc
691 2140 795 2214 debet,
834 2139 887 2221 qui
925 2138 1084 2222 significat
1120 2139 1351 2221 sanguinarii}

162 2245 298 2310 animam
335 2246 405 2311 ideo
439 2246 570 2326 dictum,
604 2246 678 2328 quia
711 2246 842 2330 sanguis
876 2245 997 2309 calidus
1031 2248 1063 2309 et
1095 2244 1215 2328 ignitus
1249 2248 1307 2309 eat.

162 2352 245 2417 sicut
264 2355 313 2417 est
333 2353 447 2416 uirtus.
467 2353 659 2434 quicumque
678 2352 777 2436 igitur
802 2352 908 2416 studio
932 2352 1028 2415 inerit
1050 2351 1180 2415 uirtutis
1200 2370 1307 2415 accen·

7 2539 9 2548 Ι
161 2478 215 2523 auu
250 2463 282 2524 ct
313 2479 463 2542 uaporem
496 2459 601 2523 laudis
634 2459 857 2541 adsumpserit,
892 2476 1000 2522 omnes
1027 2457 1156 2522 delicias
1186 2456 1305 2521 uentris

7 2555 9 2654 l
162 2564 309 2630 excludit.
334 2586 371 2630 ea
393 2566 493 2650 igitur
516 2566 744 2650 cogitationum
769 2585 850 2648 quae
874 2570 949 2629 sunt
972 2564 1108 2629 carnalia
1131 2568 1225 2645 atque
1245 2567 1305 2626 ter·

7 2679 10 2748 ,Ξ
118 2694 142 2733 ro
159 2691 232 2736 rena
255 2672 286 2736 in
310 2673 450 2738 uirtutis.
475 2673 588 2755 inquit,
613 2673 722 2737 ardore
744 2672 842 2755 positi
871 2671 1007 2736 reicietis
1038 2670 1128 2752 quasi
1156 2668 1306 2733 inhabilia

160 2778 294 2860 spiritali
318 2780 398 2843 cibo.
422 2799 483 2843 non
508 2779 589 2843 enim
615 2798 738 2843 carnem
758 2777 980 2854 manducabat,
999 2778 1058 2841 hoc
1079 2781 1128 2841 est
1145 2779 1304 2841 terrenum

159 2885 280 2967 aliquid
303 2885 465 2971 cogitabat
495 2886 549 2967 qui
578 2885 669 2949 dixit:
703 2905 814 2950 meus
846 2884 962 2948 cibus
993 2886 1056 2947 est
1085 2886 1127 2948 ut
1157 2882 1302 2948 faciam

8 3063 9 3076 ,
159 2994 416 3057 uoluntatem
435 2992 567 3075 patris
585 2991 673 3069 mei,
693 2992 761 3073 qui
780 2991 817 3055 in
839 2990 963 3055 caelis
983 2993 1055 3069 est,
1076 2988 1180 3053 studia
1204 2990 1347 3053 homi-P

8 3137 10 3172 ,
157 3098 250 3162 nibus
283 3098 414 3163 uirtutis
445 3097 602 3179 inspirans
640 3102 672 3161 et
707 3097 913 3179 cupiditatem
952 3098 1076 3161 diuinae
1114 3094 1303 3180 cognitionis

8 3189 9 3252 l
114 3228 140 3270 aa
155 3204 334 3269 infundens.
359 3223 432 3288 ergo
455 3208 595 3269 terrenae
616 3205 824 3287 cogitationes
846 3208 877 3269 et
895 3203 1036 3269 infirmae
1055 3205 1145 3287 quasi
1165 3203 1303 3267 euiratae

8 3297 9 3308 ¹
157 3311 280 3376 ataine
304 3331 365 3376 usu
389 3311 552 3395 sanguinis
580 3311 746 3385 habentur,
775 3314 813 3375 ut
840 3312 895 3375 ille
924 3311 1064 3374 euitatus
1093 3310 1219 3387 dicitur,
1249 3310 1303 3392 qui

156 3418 319 3502 sanguinis
343 3417 516 3501 plurimum
544 3418 699 3485 amiserit:
734 3418 849 3482 etenim
879 3417 1042 3500 sanguinis
1071 3417 1223 3480 cffrrsione
1250 3416 1302 3479 sri-

246 3662 279 3716 15
297 3661 378 3714 Philo
398 3661 509 3727 Quaest.
528 3662 555 3715 Il
575 3664 609 3715 59
663 3661 775 3716 221011.
794 3664 819 3723 4,
839 3662 874 3714 34

192 3788 204 3841 l
226 3789 312 3841 carnis
331 3786 453 3872 animam
470 3787 495 3840 Τ
530 3788 547 3839 4
566 3787 681 3839 animam
695 3804 737 3855 pr.
752 3786 780 3839 P
799 3790 825 3849 (a
841 3802 883 3853 pr.
898 3785 930 3837 in
944 3783 1012 3854 raa.)
1049 3782 1260 3836 bsubstantiam
1276 3782 1305 3834 P

155 3917 191 3976 (m
211 3918 293 3980 erac)
340 3880 500 3977 dianth
539 3910 925 3983 8quppr.(‹2m3cxi)P
966 3910 997 3963 ll
1019 3907 1091 3961 aliud
1106 3908 1163 3975 pa]
1180 3906 1302 3959 alianto.

153 4005 328 4064 u.(m1ccrr.
342 4002 426 4067 aliud)
442 4002 470 4055 P
483 4000 558 4055 aliud
573 4004 616 4053 est
630 3999 691 4052 DN
742 3998 827 4053 fleabs
841 3998 868 4051 P
881 4003 908 4062 (a
923 4002 1004 4063 eras.)
1020 3996 1087 4050 flebs
1102 4000 1149 4049 cer.
1205 4012 1300 4057 graece

154 4089 422 4162 ..platonem
506 4090 538 4143 12
557 4106 658 4157 uenaq;
679 4088 765 4156 P(q;
791 4087 874 4155 eruc)
946 4085 1013 4139 flaba
1033 4084 1098 4138 libri
1185 4083 1217 4137 13
1235 4100 1299 4137 narn

152 4180 357 4248 temperatioB
426 4180 457 4233 17
478 4183 521 4233 est
539 4178 632 4231 oncB
705 4178 741 4231 20
759 4175 885 4246 positiP
903 4175 936 4247 (ei
955 4191 977 4228 a.
996 4176 1035 4239 u.)
1126 4173 1157 4225 21
1178 4172 1298 4237 bic(orn.

152 4272 204 4334 est)
225 4268 253 4321 B
333 4270 366 4322 22
382 4267 538 4337 aliquod&
613 4268 647 4321 23
667 4265 786 4319 studium
806 4264 868 4319 DN
941 4263 976 4316 24
996 4262 1159 4331 cognitionis
1183 4261 1299 4330 Trogi-

149 4358 265 4411 tationia
284 4364 330 4411 cet.
387 4359 420 4411 27
441 4358 541 4412 etenim
561 4356 703 4425 sanguinis
723 4355 756 4422 (is
775 4358 823 4408 m3
842 4370 875 4408 esc
895 4357 918 4419 a)
940 4354 967 4405 P
1051 4384 1055 4397 ι
