3142 4967
326 478 368 532 De
388 478 454 534 Cain
474 482 502 531 et
520 477 589 532 Abel
608 477 622 530 Ι
641 477 667 532 3.
686 479 712 540 4,
734 479 776 531 ll.
799 477 830 530 12
870 475 894 543 (Ι
915 476 964 529 187
983 475 1095 529 r-laa
1114 475 1154 544 F).
1246 478 1308 542 347

10 632 17 717 ÷

167 674 299 739 exordiis
332 674 532 740 iuuentutem
569 674 728 738 uariarum
764 673 931 738 inlecebris
967 671 1153 754 passionum
1188 671 1310 736 feruere

166 781 237 862 quis
270 780 399 858 abnuat,
433 781 489 845 sed
523 780 579 844 ubi
610 781 763 845 maturior
795 784 881 844 aetas
915 779 1115 856 successerit,
1147 782 1310 860 tamquam

164 888 368 970 pubescentis
378 889 531 952 lasciuiae
540 891 732 971 tempestate
746 888 892 952 discussa
905 886 1169 969 tranquillitatem
1186 885 1311 950 refundi

165 999 196 1058 et
221 993 254 1058 in
283 994 439 1076 quosdam
466 998 576 1077 portus
606 994 732 1078 quietos
759 995 864 1059 lassae
892 994 1055 1077 nauigium
1085 993 1206 1056 animae
1237 992 1310 1056 snb·

9 1170 12 1179 ,
135 1125 145 1163 ⁵
164 1101 301 1164 ducere?
322 1101 431 1183 itaque
455 1120 569 1185 graues
595 1106 700 1166 motus
722 1104 848 1166 nostrae
868 1100 1103 1166 adulescentiae
1122 1099 1185 1164 fida
1204 1117 1309 1163 senec·
1333 1113 1354 1167 O

9 1223 13 1293 l
162 1207 243 1272 tutis
267 1208 404 1272 statione
426 1207 636 1290 placidantur.

8 1392 9 1395 Ἴ
54 1311 120 1392 tlt
205 1313 255 1378 Ne
283 1333 357 1397 ergo
386 1314 513 1379 dubites
541 1314 660 1379 talibus
687 1317 817 1378 naturae
846 1313 1026 1378 admonitus
1050 1314 1201 1397 exemplis
1226 1312 1353 1394 quodD

8 1404 9 1431 ³
161 1421 286 1484 malitia
303 1420 471 1502 praecedat
489 1425 643 1504 tempore,
663 1421 718 1486 sed
738 1421 981 1485 iuuenculescat
998 1420 1190 1484 infirmitate.
1214 1420 1310 1484 babet

160 1526 216 1591 illa
225 1527 340 1591 aetatis
355 1527 559 1610 stipendium,
570 1529 675 1592 uirtus
687 1531 793 1592 autem
807 1527 1062 1610 praerogatiuam
1073 1529 1202 1612 gloriae,
1214 1547 1309 1609 quam

7 1628 11 1667 ’-
121 1658 144 1696 n
160 1634 349 1716 plerumque
363 1634 448 1698 iusto
467 1633 597 1716 iniquus
616 1634 713 1698 iudici
732 1634 826 1698 cedit.
848 1634 939 1698 cuius
959 1634 1005 1698 rei
1024 1635 1117 1700 testis
1137 1639 1187 1700 est
1204 1635 1307 1702 fidelis

161 1739 271 1804 diuina
294 1741 460 1824 scriptura,
484 1761 565 1824 quae
589 1741 682 1805 docet
704 1742 791 1805 Esau
815 1739 1003 1825 cognomine
1028 1743 1183 1807 stultitiae
1203 1743 1308 1808 uirum

161 1847 299 1911 cessisse
313 1849 469 1930 patienter
482 1849 638 1932 primatus
658 1867 733 1912 suos
753 1849 843 1912 fratri
862 1868 920 1914 suo
935 1849 1040 1925 Iacob,
1054 1849 1100 1913 ita
1119 1853 1160 1922 ut
1175 1850 1307 1915 diceret:

161 1959 205 2018 ut
229 1953 325 2036 quid
349 1954 447 2018 mibi
470 1955 696 2038 primatus?
719 1955 775 2019 sed
796 1974 875 2036 quos
895 1955 956 2020 iste
975 1955 1163 2038 posthabuit
1181 1957 1239 2021 hos
1259 1959 1309 2022 nir

6 2143 7 2147 Ἰ
161 2059 371 2144 cognomento
399 2061 631 2126 exercitationis
663 2063 826 2145 praeditus
860 2062 1021 2144 quaesiuit
1053 2063 1175 2128 mereri.
1208 2085 1309 2130 nonne

6 2152 9 2181 ²
121 2167 222 2231 stibi
244 2166 372 2231 uidetur
394 2168 480 2232 Esau
503 2172 667 2251 tamquam
684 2170 716 2232 in
736 2189 836 2253 agone
855 2170 961 2234 nictus
982 2173 1014 2234 et
1031 2171 1174 2254 propriae
1191 2171 1307 2237 mentis
1330 2185 1353 2238 Ε

6 2266 7 2274 '
161 2273 344 2338 infirmitate
375 2274 515 2356 inparem
549 2295 582 2340 se
615 2276 797 2340 existimans
832 2277 966 2342 cessisse
1000 2278 1115 2342 uictori
1153 2297 1308 2356 coronam,

162 2401 256 2464 quem
289 2381 421 2445 uidebat
451 2381 549 2445 nullis
582 2381 768 2465 passionum
801 2383 969 2446 inlecebris
1006 2383 1136 2458 inflecti,
1175 2402 1308 2466 quarum

161 2489 230 2571 ipse
253 2489 418 2571 puluerem
442 2488 601 2556 sustinere
623 2507 685 2553 non
709 2492 855 2571 poterat?
884 2494 927 2553 nt
955 2489 1050 2570 quid
1078 2490 1176 2554 mibi
1205 2490 1308 2572 inquit

5 2666 6 2675 ἶ
161 2595 387 2677 primatus?
416 2595 499 2678 apud
528 2595 663 2679 ignauos
688 2597 771 2660 enim
795 2596 884 2659 nulla
908 2600 982 2660 suut
1005 2596 1142 2680 insignia
1165 2597 1307 2670 uirtutis,

4 2714 6 2753 ὲ
121 2723 145 2765 so
163 2702 245 2784 apud
269 2703 428 2786 sapientes
452 2703 554 2786 prima
578 2703 747 2778 hubertum
772 2703 879 2766 studia
903 2703 987 2767 enim
1005 2704 1135 2768 uirtutis
1154 2703 1307 2786 quaedam

162 2808 373 2873 instrumenta
403 2811 487 2872 sunt.
515 2809 623 2890 itaque
652 2808 737 2872 sicut
763 2809 899 2872 bellator
927 2809 995 2874 sinc
1023 2810 1118 2874 armis
1148 2828 1218 2874 esse
1247 2829 1306 2874 non

162 2917 268 2995 potest
295 2915 340 2979 ita
366 2933 424 2979 nec
452 2915 520 2979 sine
548 2914 771 2979 exercitatione
796 2915 909 2980 uirtus.
938 2915 1022 2980 unde
1051 2919 1082 2980 et
1106 2915 1252 2980 dominus
1275 2917 1306 2980 in

163 3021 329 3105 euangelio
363 3023 423 3086 ait:
447 3041 466 3086 a
489 3021 634 3086 diebus
666 3022 860 3086 Iohannis
894 3021 1109 3105 Baptistae
1142 3037 1352 3106 regnumF

112 3206 116 3214 ι
164 3128 369 3192 caelorum
400 3128 579 3212 cogitur,
611 3134 650 3192 et
679 3132 875 3211 cogentes
906 3129 1112 3212 diripiunt
1138 3130 1244 3194 illud
1275 3135 1307 3194 et

4 3228 5 3233 ’
121 3235 253 3299 scalibi:
286 3235 472 3318 quaerite
500 3255 664 3318 regnum
694 3235 773 3313 dei,
804 3241 841 3300 et
870 3255 962 3302 ecoe
986 3237 1118 3301 omnia
1140 3240 1306 3319 praesto

164 3345 257 3406 sunt
275 3341 405 3406 uobis.
426 3361 487 3406 non
507 3342 735 3408 dormientibus
755 3360 813 3406 nec
829 3343 1013 3418 otiantibus,
1029 3343 1084 3406 sed
1099 3343 1307 3426 uigilantibus

164 3447 426 3513 allaborantibus
441 3449 631 3532 pollicentur
644 3449 794 3531 praemia,
815 3501 821 3514 .
836 3499 862 3514 ..
879 3448 934 3513 sed
948 3449 1048 3513 labori
1064 3467 1184 3513 merces
1199 3455 1308 3531 parata

251 3761 365 3814 'r'Philo
385 3761 418 3814 de
437 3778 502 3815 sacr.
522 3763 540 3814 4
559 3762 631 3826 (166,
651 3763 698 3824 34;
718 3761 732 3814 Ι
750 3762 812 3824 208,
832 3763 847 3815 3
869 3760 910 3832 C.)
1002 3762 1032 3814 11
1052 3761 1132 3814 Philo
1152 3761 1185 3815 dc
1204 3761 1270 3816 saci.
1290 3765 1306 3816 4

163 3850 234 3915 (166,
254 3850 301 3913 37;
321 3850 334 3903 Ι
352 3851 414 3914 208,
434 3853 450 3905 5
472 3851 514 3921 0.)
589 3852 620 3904 13
641 3851 708 3906 Gen.
728 3852 770 3914 25,
791 3851 825 3904 32
907 3851 939 3904 14
958 3849 1036 3903 Philo
1057 3849 1090 3904 de
1109 3867 1175 3904 sacr.
1194 3852 1213 3904 4
1233 3851 1305 3914 (166,

161 3941 208 4003 4l;
227 3939 242 3993 Ι
261 3939 322 4002 208,
342 3941 357 3993 'l
380 3939 422 4010 0.)
474 3940 509 3994 23
527 3939 625 3996 Matth.
647 3941 689 4005 11,
711 3941 743 3994 12
799 3941 833 3992 25
851 3939 950 3993 Matth.
970 3941 996 4006 6,
1016 3941 1050 3994 33

197 4127 213 4180 9
232 4142 286 4195 qua
304 4125 331 4178 P
347 4125 376 4194 (a
393 4141 427 4179 ex
445 4127 471 4191 a)
517 4127 552 4179 10
570 4130 612 4179 est
635 4141 685 4180 orn.
705 4124 805 4178 MAA‘
823 4125 947 4178 testism
962 4124 985 4180 S
998 4128 1079 4189 (eros.
1095 4131 1109 4178 t
1123 4125 1161 4190 in)
1218 4124 1306 4178 fidelis

162 4218 203 4268 cst
221 4213 244 4268 S
260 4213 314 4282 (est
331 4230 352 4267 a,
371 4213 412 4282 a.)
427 4213 527 4268 MAA‘
654 4215 688 4268 26
715 4229 804 4283 nequa
823 4214 973 4268 otiantibus
992 4213 1020 4265 B
1036 4231 1090 4268 non
1110 4213 1259 4268 otiantibus
1283 4213 1309 4266 V

162 4304 195 4356 27
223 4303 355 4356 lacunam
381 4301 557 4371 aipnificaoc';
581 4304 646 4370 fort.
670 4302 845 4357 scribendum
865 4309 934 4358 <non
962 4301 1102 4366 inertiae),
1132 4301 1249 4368 sed...;
1279 4305 1307 4356 et

161 4391 247 4446 labori
266 4410 283 4442 α
