3142 4967
400 471 442 524 De
461 470 521 524 Noe
539 471 583 526 30.
603 472 647 535 31,
668 471 810 525 113-116
848 472 871 537 (Ι
891 471 944 526 273
963 470 1075 527 0-274
1093 470 1134 540 El.
1289 473 1351 536 491

208 669 384 755 improbus,
408 669 557 752 qnoniam
579 666 649 749 ipse
674 665 787 733 deuius
807 664 995 747 disciplinae
1015 669 1074 745 est,
1094 666 1226 732 aliorum
1245 668 1355 749 lapsus
1364 677 1455 732 27411

207 797 269 843 non
303 777 406 842 solum
439 795 496 858 pro
530 775 581 840 sui
614 774 726 840 erroris
759 773 877 839 solacio
911 773 1036 856 accipit,
1070 774 1155 856 qnod
1192 778 1355 838 consortes

207 884 366 949 inuenerit
389 884 510 965 cnlpae,
535 902 647 946 uerum
671 882 768 946 etiam
790 882 935 965 improbo
958 880 1096 946 laetatur
1122 880 1248 957 affectu,
1277 883 1356 945 tam-

209 1012 303 1074 quam
336 1010 395 1055 sua
425 991 495 1073 ipse
527 989 644 1054 delicta
676 988 853 1054 correxerit.
887 988 970 1052 mala
1000 1006 1089 1053 mens
1119 1007 1192 1072 ergo
1220 988 1358 1053 laetatur

181 1102 332 1181 spraeter
353 1098 553 1181 propositum
577 1097 696 1180 aliquid
720 1096 876 1161 accidisse
900 1096 1045 1179 sapienti,
1070 1115 1143 1160 cnm
1162 1096 1273 1177 utique
1292 1113 1357 1159 cor·

208 1206 295 1289 poris
316 1207 428 1288 lapsus
451 1205 483 1269 in
507 1204 588 1269 uitio
613 1222 684 1268 esse
707 1222 769 1268 non
794 1203 916 1281 debeat,
941 1203 1068 1267 etiamsi
1086 1204 1196 1286 lapsus
1215 1204 1356 1284 putetur,

209 1313 269 1378 nisi
298 1313 423 1377 animus
451 1330 577 1395 quoque
604 1311 735 1375 inclinet
762 1311 794 1374 in
823 1311 960 1393 culpam.
993 1313 1153 1393 postremo
1185 1308 1357 1374 ueniabilia

208 1418 392 1485 huiusmodi
436 1419 618 1484 iudicentur
657 1422 768 1495 errata,
810 1437 871 1482 nou
913 1417 985 1483 odio
1026 1416 1253 1501 persequenda,
1294 1424 1405 1480 nonB

209 1528 354 1593 habenda
380 1526 530 1604 ludibrio,
558 1525 614 1590 sed
637 1544 739 1603 mens,
763 1526 801 1590 nt
824 1524 896 1601 dixi,
920 1524 1075 1607 improbo,
1099 1544 1172 1589 cnm
1196 1524 1289 1606 pntat
1312 1540 1357 1585 cr-

63 1680 67 1687 ·
165 1654 192 1693 1⁰
209 1654 296 1700 rasse
325 1634 511 1715 sapientem,
539 1632 759 1696 insultandum
788 1631 959 1697 arbitratur
986 1632 1014 1696 ei
1047 1632 1138 1695 cuius
1172 1630 1233 1695 sibi
1265 1631 1358 1712 putat

209 1760 313 1807 mores
346 1760 418 1805 esse
451 1739 634 1818 contrarios,
673 1740 757 1821 qnod
794 1743 960 1821 peccatum
999 1757 1093 1803 sunm
1132 1738 1224 1801 uelut
1258 1734 1356 1800 tacito

211 1848 348 1930 quodam
386 1846 537 1929 sapientis
573 1844 757 1910 testimonio
791 1845 1009 1929 redarguetur,
1043 1862 1143 1925 eoqne
1175 1842 1357 1907 laetandum

211 1955 283 2032 sibi,
308 1954 392 2037 quod
414 1955 501 2019 iusto
524 1954 594 2018 niro
618 1972 676 2018 nec
700 1952 836 2017 eruditio
861 1952 964 2034 ipsius
984 1951 1138 2035 profuerit
1156 1968 1214 2014 nec
1233 1947 1359 2013 iustitia

211 2063 384 2145 suffragata
411 2062 454 2125 sit
479 2080 537 2125 nec
565 2080 602 2125 ea
629 2079 709 2143 qnae
738 2058 911 2124 secundnm
942 2077 1056 2142 corpus
1085 2060 1160 2122 sunt
1191 2055 1360 2121 habuerint

166 2186 193 2225 1⁵
211 2186 377 2252 prosperos
401 2187 525 2233 cursus.
547 2169 625 2233 haec
648 2167 732 2231 enim
754 2185 811 2249 pro
831 2166 966 2231 summis
984 2166 1076 2232 bonis
1096 2164 1179 2247 apud
1197 2162 1358 2247 improbos

212 2274 420 2339 aestimantur
441 2274 474 2339 in
497 2274 620 2339 diuitiis
645 2277 701 2337 aut
722 2274 840 2339 honore
864 2272 980 2355 posita,
1005 2290 1085 2355 quae
1108 2275 1215 2336 tamen
1234 2269 1358 2333 nullum
1386 2273 1407 2329 c

211 2381 351 2446 fructum
375 2382 415 2445 ad
437 2381 565 2445 laudem
593 2379 724 2445 uirtutis
754 2381 930 2446 conferunt.
963 2382 1129 2463 propterea
1156 2376 1358 2458 insipientiae

212 2488 394 2552 defensores
431 2487 581 2551 uidentur
616 2487 720 2569 (qni)
757 2484 888 2551 uirtutis
927 2487 1099 2549 amatorem
1135 2500 1359 2565 prosperorum

212 2613 341 2659 munere
365 2612 435 2657 esse
457 2591 649 2670 fraudatum,
674 2593 729 2675 qui
753 2612 844 2657 omne
867 2592 986 2656 bonum
1006 2590 1236 2673 temporalibus
1254 2588 1358 2672 magis

166 2723 194 2764 ao
211 2723 306 2787 quarn
330 2701 492 2785 perpetuis
516 2701 746 2766 aestimandum
770 2703 894 2783 putant.

40 2804 165 2885 3¹‚116
258 2809 342 2890 Quid
365 2811 416 2872 est
439 2808 523 2890 quod
548 2806 635 2872 Sem
659 2810 699 2872 et
721 2807 895 2891 lapheth
919 2806 1215 2871 uestimentum
1238 2803 1358 2884 impo-
1385 2808 1409 2861 D

213 2918 387 2981 suerunt
408 2934 532 2998 supra
553 2933 713 2981 umeros
737 2932 833 2979 snos
859 2918 898 2979 et
919 2914 1186 2998 perrexerunt
1213 2912 1358 2973 retror-

213 3044 298 3089 sum
322 3002 361 3087 e't
384 3025 637 3106 operuerunt
660 3022 807 3086 nudum
830 3023 985 3103 patrem
1011 3022 1050 3083 et
1072 3038 1145 3084 non
1165 3016 1360 3081 uiderunt

212 3130 476 3195 nudationem
518 3128 630 3194 eius?
671 3129 780 3194 littera
821 3128 1001 3193 euidentem
1037 3125 1168 3209 pietatis
1205 3121 1360 3205 expressit

167 3256 194 3297 as
212 3237 372 3315 allectum,
396 3235 480 3319 qnod
503 3237 659 3301 nudatum
683 3236 800 3301 amictu
826 3239 948 3319 patrem
971 3234 1047 3299 boni
1065 3233 1124 3297 filii
1142 3231 1250 3297 uidere
1270 3248 1359 3295 caue·
1386 3234 1407 3289 lt

211 3346 296 3423 runt,
321 3364 359 3408 ne
381 3346 510 3426 paterna
529 3343 707 3408 reuerentia
726 3343 778 3407 uel
797 3344 867 3427 ipso
888 3343 1083 3406 minueretur
1102 3342 1244 3423 aspectu,
1264 3337 1360 3420 siqui·

214 3450 284 3514 dem
316 3450 413 3515 etiam
445 3450 543 3515 tacito
577 3452 671 3515 nullu
707 3450 811 3532 pietas
847 3450 1026 3533 frequenter
1063 3446 1240 3512 offenditur.
1278 3444 1360 3509 unde

301 3695 333 3747 21
356 3694 423 3749 Gen.
443 3696 468 3760 9,
487 3696 521 3749 23
539 3695 620 3749 Philo
640 3693 751 3761 Qnaesl.
769 3693 798 3748 lI
818 3695 851 3747 72

248 3852 326 3905 lest
344 3850 502 3920 disciplinae
521 3850 555 3903 M
605 3850 740 3905 2solatio
760 3849 827 3904 libri
874 3840 1011 3903 4dclicta
1031 3853 1058 3915 (a
1077 3866 1109 3903 eoo
1128 3853 1156 3914 ο)
1175 3849 1202 3901 Ρ
1254 3850 1360 3905 5aoci-

213 3940 292 3994 dissda
310 3941 339 3994 P
357 3944 437 4005 (cor-r.
456 3944 514 4008 m2)
536 3939 596 3994 OM
683 3940 832 3994 'linclinet
850 3940 928 3993 sz
946 3938 1092 3993 inclinetur
1110 3938 1192 3992 Pma
1210 3942 1258 3992 cet.
1332 3939 1361 3991 in

211 4028 303 4083 PT‘B
321 4028 356 4082 ad
375 4034 422 4083 cet.
486 4028 709 4099 8proseqnenda
726 4029 848 4084 DNOM
906 4027 939 4082 10
957 4042 1045 4081 morea
1064 4029 1145 4098 putat
1162 4028 1190 4080 B
1247 4027 1278 4081 13
1297 4044 1360 4097 pro·

211 4118 295 4172 fuerit
311 4119 371 4188 (pro
390 4137 412 4171 s.
429 4121 470 4187 aa)
489 4118 517 4171 P
584 4118 618 4172 18
636 4117 760 4182 sidentur
777 4118 806 4171 P
823 4121 852 4183 (u
870 4134 891 4172 s.
911 4134 923 4181 s
943 4121 1000 4184 rna)
1020 4116 1147 4171 uidentur
1168 4116 1201 4169 T‘
1219 4116 1249 4187 (u
1264 4132 1310 4185 pr.
1329 4117 1361 4170 in

211 4211 281 4274 roe.)
391 4207 438 4274 qui
457 4206 523 4260 odd.
543 4225 561 4257 α
650 4207 683 4260 21
707 4205 821 4275 iapheth
840 4206 867 4259 P
888 4204 976 4259 infeth
999 4206 1031 4257 T‘
1055 4204 1123 4259 inlet
1140 4204 1178 4258 M
1199 4204 1295 4273 iaphet
1312 4209 1360 4257 eet.

212 4298 247 4351 22
265 4312 346 4365 snper
364 4295 398 4349 N
465 4295 591 4349 humeros
610 4295 676 4349 liora·
725 4296 759 4349 25
778 4294 908 4349 amictum
922 4295 950 4348 P
968 4297 1004 4363 (m
1021 4294 1070 4348 alt.
1084 4295 1167 4359 mco.)
1221 4294 1255 4347 27
1274 4292 1360 4347 tacito

211 4386 292 4439 uultu
312 4385 395 4439 eiiam
414 4385 442 4439 B
