3142 4967
404 435 553 490 Exarueron
572 436 614 491 111
634 438 675 498 14.
695 436 803 491 58-60
840 436 865 501 (Ι
883 436 918 492 56
936 435 1031 492 Β-57
1050 437 1093 504 Β).
1252 441 1312 503 101

170 630 214 695 de
247 631 339 697 loco
372 633 454 698 isto
487 633 525 698 in
558 635 706 698 terram
740 632 1036 700 Chaldaeorum
1069 634 1108 698 in
1136 633 1248 711 bona,
1278 636 1317 698 et

170 739 425 804 confirmabo
455 741 598 805 oculos
626 759 734 805 meos
764 760 882 824 super
908 740 1007 805 illos
1035 741 1074 804 in
1102 741 1212 805 bona.
1235 743 1316 805 tam-

168 867 264 930 quam
287 847 439 913 delicatos
458 849 540 912 enim
562 849 653 914 uelut
670 849 808 930 quodam
825 847 1060 915 misericordiae
1079 867 1155 913 suae
1168 847 1357 913 ualidioriF

168 954 292 1038 saepsit
314 955 465 1038 tegmine,
487 974 526 1020 ne
549 957 647 1020 teneri
670 955 795 1021 fructus
813 956 969 1041 maturius
987 955 1161 1021 interirent.
1181 954 1316 1038 denique

130 1061 207 1126 sde
231 1061 312 1143 ipsis
336 1062 430 1126 etiam
454 1061 486 1126 in
511 1062 740 1145 posterioribus
764 1061 860 1126 dicit:
888 1061 1060 1127 delicati
1083 1061 1159 1126 mei
1188 1061 1317 1125 ambu-

166 1167 366 1235 lauerunt
393 1169 481 1233 uias
510 1187 687 1252 asperas,
716 1169 834 1252 quibus
861 1168 944 1233 inira
975 1170 1038 1234 ait:
1073 1171 1315 1233 constantes

169 1277 304 1346 estote.
329 1274 418 1354 filii,
443 1279 479 1340 et
501 1274 733 1358 proclamata
753 1276 797 1340 ad
817 1275 1017 1342 dominum.
1036 1275 1098 1340 boc
1113 1275 1194 1340 enim
1210 1276 1315 1339 solum

167 1381 339 1447 aduersum
363 1401 471 1447 omnes
495 1382 648 1465 procellas
673 1385 767 1465 atque
791 1383 924 1447 iniurias
948 1381 1134 1447 inuiolabile
1162 1381 1314 1465 tegimen,

166 1487 397 1570 inpenetrabile
429 1489 662 1554 munimentum
695 1494 754 1554 est.
787 1490 843 1554 ubi
877 1509 951 1574 ergo
984 1488 1083 1554 teneri
1114 1489 1238 1553 fructus
1270 1487 1315 1551 ibi

118 1619 145 1658 ιο
167 1595 325 1659 crassiora
351 1596 492 1680 tegmina
520 1599 552 1660 et
578 1596 774 1662 munimenta
802 1597 967 1671 loliorum:
993 1599 1103 1663 contra
1129 1599 1237 1660 autem
1260 1593 1317 1658 ubi

168 1702 292 1768 tructus
324 1701 495 1766 ualidiores
524 1701 569 1767 ibi
595 1703 751 1768 teneriora
778 1703 866 1783 folia,
897 1709 932 1767 ut
959 1705 1063 1768 malus
1092 1702 1183 1768 arbor
1210 1703 1313 1766 docet.
1332 1710 1404 1768 tis

166 1827 300 1892 pomum
323 1809 408 1872 enim
431 1808 569 1874 ualidius
593 1829 653 1874 non
678 1810 779 1875 multo
803 1810 926 1894 indiget
948 1810 1155 1893 protectionis
1183 1809 1314 1883 aruilio;

167 1934 241 1980 nam
273 1915 344 1998 ipsa
374 1917 581 1997 protectionis
614 1917 778 1982 crassioris
815 1917 928 1982 umbra
962 1936 1057 2001 pomo
1094 1935 1206 1981 nocere
1241 1917 1315 2000 plus

60 2027 114 2090 60
165 2027 289 2104 posset.
310 2022 444 2104 denique
462 2023 574 2090 doceat
592 2041 649 2088 nos
667 2024 837 2108 pampinus
850 2028 981 2088 naturae
995 2024 1129 2108 gratiam
1144 2027 1177 2088 et
1190 2022 1316 2087 diuinae

118 2151 145 2190 rs
168 2129 344 2212 sapientiae
372 2130 496 2195 interna
522 2131 682 2214 mysteria.
712 2132 860 2197 uidemus
884 2132 966 2195 enim
990 2132 1035 2196 ita
1059 2131 1197 2196 scissum
1220 2134 1316 2213 atque

168 2235 322 2316 diuisum,
351 2243 388 2301 ut
414 2237 511 2302 trium
539 2237 688 2303 foliorum
718 2239 856 2321 speciem
883 2238 1031 2303 uideatur
1063 2239 1246 2314 ostendere;
1270 2238 1317 2302 ita

166 2361 242 2425 pars
266 2343 372 2408 media
395 2343 546 2409 distincta
565 2349 624 2423 est,
645 2349 682 2410 ut
699 2345 761 2410 nisi
779 2345 982 2410 interioribus
1001 2345 1153 2423 haereret,
1173 2327 1317 2426 separata

169 2450 389 2532 spectantibus
412 2450 583 2518 uideretur.
602 2471 640 2516 ea
658 2455 764 2517 autem
783 2453 864 2516 ratio
882 2453 1011 2517 uidetur
1030 2456 1156 2517 seruata
1173 2455 1314 2527 naturae,
1333 2460 1356 2513 Β

168 2562 207 2622 ut
240 2561 272 2622 et
304 2555 404 2622 solam
436 2558 563 2623 facilius
597 2559 745 2623 admittat
778 2561 811 2623 et
841 2559 987 2624 umbram
1016 2559 1151 2623 obterat.
1181 2558 1317 2640 denique

114 2693 144 2727 sn
167 2664 332 2747 procerius
365 2664 470 2730 media
501 2683 573 2748 pars
606 2666 675 2730 eins
709 2665 887 2731 extenditur
913 2669 947 2731 et
972 2665 1004 2730 in
1032 2666 1104 2747 ipsa
1130 2665 1316 2729 summitate

166 2773 330 2849 tenuatur,
362 2773 400 2835 ut
431 2771 504 2854 plus
541 2772 765 2855 pulcritudinis
803 2791 898 2856 qrrarn
934 2772 1112 2857 tegumenti
1148 2771 1315 2855 praeierat.

168 2876 288 2941 etenim
316 2876 417 2942 brabii
446 2877 586 2960 speciem
613 2878 743 2943 uidetur
767 2878 915 2962 effingere
939 2877 1122 2962 significans
1145 2877 1230 2961 quod
1252 2896 1317 2941 uua

165 2984 251 3047 inter
274 2983 445 3066 pendentes
471 2987 592 3049 ceteros
616 2985 740 3050 bucias
764 2984 880 3049 habeat
901 2985 1124 3068 principatum,
1149 2984 1200 3050 cui
1218 2983 1315 3048 tacite

165 3090 308 3172 quodam
331 3091 449 3156 indicio
472 3094 613 3169 naturae,
633 3092 688 3157 sed
708 3092 849 3158 euidenti
867 3091 983 3157 indicio
1000 3090 1175 3156 innascitur
1194 3090 1317 3174 species

260 3371 276 3424 5
296 3351 403 3423 sartan
422 3371 447 3432 ι,
467 3370 501 3424 ac
558 3369 573 3421 e
593 3369 701 3422 saruch
718 3370 744 3430 ι,
765 3369 799 3422 nr
856 3369 889 3422 ιι
907 3367 970 3424 sas.
990 3369 1042 3422 rra
1060 3367 1085 3420 n
1106 3369 1150 3432 (ιι
1169 3367 1203 3432 n)

205 3549 216 3602 1
241 3543 439 3601 caldeorumll
504 3546 671 3601 dualidiore
690 3547 718 3600 B
780 3547 920 3615 4saepsit
939 3544 996 3600 MS
1012 3546 1098 3615 repsit
1118 3544 1168 3598 GP
1185 3548 1209 3597 et
1227 3542 1315 3596 nrlG

163 3636 257 3706 sepsit
278 3634 303 3688 G
322 3637 370 3687 m2
388 3641 435 3689 cei.
526 3644 619 3690 tenere
641 3635 690 3688 ΟΡ
708 3641 732 3689 et
753 3634 798 3700 t-ri
816 3639 874 3701 m2)
896 3635 921 3689 G
1013 3633 1161 3687 iciamate
1185 3630 1212 3683 V
1230 3631 1314 3684 (lam.

202 3711 269 3778 dffir
292 3723 316 3776 Π
339 3723 384 3778 dm
411 3723 449 3786 N,
477 3725 542 3792 fort.
571 3729 639 3778 recte
747 3724 763 3778 8
787 3723 910 3777 homines
937 3723 986 3776 GP
1007 3729 1032 3776 et
1055 3726 1135 3777 icorr.
1159 3722 1261 3779 amnesi
1289 3719 1315 3772 G

201 3813 325 3883 tegimen
343 3813 393 3866 ΟΡ
408 3817 514 3866 tecmen
533 3813 560 3864 V
574 3817 683 3882 tegmen
704 3819 751 3866 cci.
791 3813 824 3865 10
838 3813 973 3881 grossiora
987 3809 1123 3864 CGPMS
1140 3808 1276 3878 grossiora
1292 3807 1318 3858 V

202 3901 321 3956 filioram
342 3901 408 3956 Cei
427 3907 507 3968 (carr.
526 3901 625 3967 ratiti
677 3903 709 3955 12
723 3907 790 3970 post
808 3901 893 3954 multo
911 3917 932 3956 s.
952 3917 980 3954 a.
999 3903 1047 3952 m2
1066 3897 1132 3952 add.
1151 3897 1272 3967 tegmine
1289 3896 1314 3950 G

201 3989 323 4044 anxilio.
336 3989 547 4058 ..protectionis
566 4005 616 4042 om.
635 3988 693 4051 de,
714 3988 779 4042 odd.
800 3991 831 4041 in
848 4005 898 4057 ηις).
913 3987 966 4054 inf.
981 3991 1028 4040 m2
1041 3987 1075 4049 Ρ,
1090 3987 1126 4054 of.
1136 4003 1165 4054 p.
1181 3987 1238 4038 102
1252 4001 1279 4039 ιι.
1297 3987 1315 4037 6

164 4083 198 4133 14
221 4079 311 4148 gratia
332 4077 382 4132 GP
472 4079 504 4132 15
523 4076 641 4130 uidimus
664 4077 713 4130 ΟΡ
732 4082 757 4130 et
776 4081 858 4143 (corr.
878 4080 934 4140 mt')
958 4075 983 4130 G
1061 4076 1093 4128 lb
1113 4074 1202 4144 specie
1223 4073 1273 4127 GP
1290 4079 1314 4126 et

162 4173 206 4236 (-e
229 4165 327 4233 ΜΘ
378 4165 409 4220 21
431 4164 622 4235 pulcritudinis
644 4165 720 4220 Ges
735 4165 966 4235 pulchritudinem
984 4165 1021 4217 N‘
1041 4163 1250 4233 pulchritudinis
1265 4167 1313 4216 cet.

200 4254 348 4325 tegimenti
366 4253 452 4308 MSB
471 4257 658 4324 tegumentum
671 4253 709 4307 N¹
765 4255 800 4307 22
818 4253 907 4307 brabii
920 4255 954 4309 il‘
973 4253 1066 4306 bra-u
1084 4253 1108 4309 a
1128 4252 1241 4319 (brachii
1255 4255 1311 4318 m2)

166 4344 259 4400 brasii
281 4344 341 4411 Cli
362 4345 410 4397 alt.
431 4349 511 4410 eros.)
533 4349 579 4398 oet.
635 4343 668 4398 23
687 4343 771 4396 tacito
794 4343 817 4395 C
834 4348 874 4412 (io
892 4343 924 4395 ia
941 4347 1008 4409 roa.)
