3142 4967
495 449 537 501 De
556 448 615 502 Nee
636 449 678 510 17,
697 448 729 503 61
770 448 795 511 (Ι
814 446 865 503 253
884 445 988 514 A-r).
1256 448 1321 513 457

174 643 364 709 subducitur
392 647 424 708 et
451 642 523 709 ideo
551 644 606 725 qui
634 643 846 708 alienatione
878 642 999 724 primns
1032 645 1164 723 putetur
1197 641 1320 707 diuerso

173 752 394 817 aestimatione
423 753 579 835 septimus
603 753 747 817 hebetur.
775 754 852 816 tunc
877 770 951 835 ergo
976 750 1060 815 sedit
1083 768 1164 825 erce,
1188 749 1249 813 hcc
1272 753 1322 813 est

173 858 335 924 inmense
359 859 495 941 septimo
520 859 655 942 septime
678 862 711 923 et
734 860 910 924 uicensima
930 858 1046 923 mensis
1066 860 1318 939 supermontem

172 966 339 1049 tquarati.
377 986 413 1030 er
444 966 500 1031 illo
533 965 633 1031 minui
672 966 830 1030 diluuium
870 965 983 1047 coepit.
1023 964 1120 1028 simui
1157 964 1363 1029 consideran

140 1072 246 1153 equis
278 1072 379 1137 isdem
408 1074 547 1137 numeris
576 1074 693 1156 quibus
722 1074 829 1156 aliqua
856 1072 1013 1156 incipiunt
1040 1070 1255 1147 resoluuntur,
1283 1076 1320 1135 ut

171 1179 329 1244 diluuium
363 1180 468 1262 eoepit
501 1181 639 1245 seeundo
673 1200 782 1245 mense
815 1181 886 1244 anni
921 1180 1058 1263 septime
1085 1182 1118 1243 et
1145 1178 1318 1243 uicensima

170 1286 301 1361 mensis,
325 1289 453 1351 centum
477 1288 705 1371 quinquaginta
723 1287 837 1353 diebus
856 1287 981 1352 induxit
1000 1286 1169 1362 diluuium,
1190 1288 1317 1349 centum

171 1392 400 1476 quinquaginta
423 1392 534 1459 diebus
558 1395 629 1459 eliis
654 1397 752 1460 cessit
774 1395 944 1472 diluuium,
969 1392 1177 1477 quadraginta
1205 1392 1316 1457 diebus

169 1500 267 1565 nimia
299 1501 350 1565 uis
383 1501 513 1566 caelesti
543 1502 645 1567 imbre
678 1507 711 1567 et
743 1503 879 1568 fontium
912 1503 1075 1585 eruptione
1109 1500 1316 1576 exaestuanti,

130 1628 153 1667 ro
170 1608 378 1691 quadraginta
410 1608 522 1673 diebus
556 1610 627 1674 aliis
657 1610 788 1685 exectis,
817 1612 986 1692 postquam
1014 1609 1085 1672 uisa
1112 1614 1186 1673 sunt
1214 1607 1316 1689 cupite

170 1714 336 1792 montium,
365 1714 532 1781 undecimo
560 1736 668 1779 mense
697 1716 797 1799 prime
822 1716 871 1780 die
894 1716 1013 1779 mensis
1038 1714 1161 1779 dimisit
1185 1733 1313 1778 coruum
1340 1718 1361 1771 E

170 1826 299 1887 sanctus
327 1822 406 1887 Noe.
438 1822 484 1887 ite
511 1826 637 1889 constat
664 1823 775 1888 eodem
804 1843 933 1888 numero
958 1841 1019 1905 quo
1044 1822 1242 1886 cumulatum
1268 1828 1317 1885 est

169 1928 327 1993 diluuium
351 1948 422 1993 esse
448 1930 651 1995 inminutum.
685 1930 767 1996 unde
798 1931 889 1995 docet
912 1948 969 1995 nos
993 1928 1149 2012 scripture
1175 1927 1314 1993 ordinem

168 2053 238 2099 esse
262 2036 463 2101 seruandum.

89 2136 125 2198 er
141 2162 164 2201 rs
213 2141 307 2222 Quod
329 2148 437 2208 autem
461 2144 579 2210 ostium
605 2164 694 2210 arcae
718 2145 771 2223 sit,
795 2145 880 2227 quod
910 2144 1033 2227 speruit
1059 2144 1176 2215 iustus,
1205 2160 1315 2206 secun-

169 2248 244 2313 dum
268 2251 408 2331 corporis
431 2250 585 2317 rutiouem
610 2251 850 2333 supradictum
876 2255 934 2316 est.
966 2250 1140 2317 seeundum
1169 2249 1312 2313 altiorem

169 2358 275 2419 antem
302 2355 593 2439 interpretationem
616 2356 698 2421 illud
722 2356 890 2423 dicendum
915 2357 1051 2435 uidetur,
1078 2356 1151 2439 quie
1174 2356 1314 2439 corporis

168 2482 280 2526 sensus
297 2464 388 2526 uelut
402 2463 554 2528 ostiorum
570 2464 692 2529 similes
712 2464 876 2529 habentur.
897 2484 953 2547 per
971 2466 1028 2529 hes
1049 2464 1132 2528 enim
1150 2467 1312 2545 tamquam

167 2588 222 2649 per
250 2570 333 2633 ostia
355 2570 531 2654 ingreditur
559 2572 589 2635 in
613 2575 754 2637 nostram
774 2578 910 2637 mentem
932 2574 1022 2635 uelut
1041 2569 1194 2653 quaedem
1215 2570 1313 2633 sensi·
1337 2570 1358 2623 F

124 2698 150 2736 eo
167 2675 279 2741 bilium
294 2676 530 2758 conprehensio.
552 2698 626 2761 erge
641 2698 729 2743 mens
748 2682 856 2744 nostra
874 2698 929 2761 per
948 2679 1005 2742 bos
1026 2696 1138 2741 sensns
1156 2676 1313 2758 respicere

167 2782 294 2847 uidetur
317 2787 350 2847 et
372 2784 506 2848 maxime
529 2804 586 2867 per
609 2786 778 2863 uisionem,
803 2805 883 2867 quae
908 2786 1054 2850 omnibus
1080 2784 1226 2849 sensibus
1247 2804 1311 2848 cor-

165 2888 252 2969 poris
274 2887 497 2970 proestabilior
518 2890 715 2968 aestimetur,
740 2892 815 2973 quin
844 2891 1018 2957 domestica
1046 2895 1095 2957 est
1121 2892 1252 2956 luminis
1280 2896 1313 2957 eb

165 3014 221 3077 per
252 3014 320 3058 eam
354 2996 545 3077 aspicientes
577 2998 701 3061 caelum
738 3001 853 3061 terram
890 2999 999 3077 meris,
1036 3000 1136 3063 solem
1175 3019 1311 3082 quoque,

165 3100 273 3165 lunam
297 3105 330 3166 et
352 3101 463 3166 stelles
489 3102 606 3184 quibus
630 3104 695 3168 axis
720 3106 849 3169 ornatur
871 3105 1089 3189 intellegimus
1118 3105 1212 3171 deum
1241 3126 1311 3173 esse

122 3210 362 3289 ceoperatorem
386 3208 496 3273 mnndi
521 3213 616 3291 atque
638 3215 794 3276 rectorem
821 3230 878 3275 nec
906 3214 973 3277 siue
1002 3216 1129 3279 auctore
1158 3214 1215 3280 deo
1244 3216 1312 3279 tan·

164 3317 333 3397 torumque
356 3334 487 3397 eperum
510 3317 671 3381 conditore
699 3318 777 3382 haee
804 3319 947 3402 potuisse
976 3319 1042 3383 fieri
1071 3320 1228 3386 credimus
1256 3328 1312 3387 aut

254 3561 271 3613 2
290 3559 358 3616 Gerr.
377 3561 403 3626 8,
421 3564 438 3614 4
497 3564 528 3615 15
548 3561 615 3616 Gen.
635 3564 660 3627 8,
680 3564 697 3616 6
716 3564 795 3617 Philo
816 3563 927 3629 Quaest.
946 3564 973 3617 Il
994 3566 1028 3619 34
1085 3568 1117 3619 16
1137 3566 1169 3619 cf.
1190 3569 1255 3619 sect.
1275 3567 1309 3619 24

201 3684 304 3751 lquie
322 3683 443 3738 DNCM
532 3687 601 3739 3et
622 3688 648 3740 Τ
669 3704 720 3741 erro.
745 3694 792 3743 cet.
902 3688 1049 3741 uicensimo
1068 3688 1095 3741 P
1113 3688 1242 3742 uicesima
1260 3696 1308 3745 cet.

162 3774 179 3824 4
199 3774 307 3841 quernti
326 3773 380 3826 PB
399 3772 506 3842 quando
529 3775 626 3844 Tque
645 3777 749 3829 ratione
772 3776 803 3828 T*
827 3775 952 3845 quadrati
964 3782 1022 3832 ¹eet.
1042 3774 1139 3830 Ararat
1159 3778 1198 3831 ed.
1219 3777 1308 3838 Rene..

160 3861 226 3927 fert.
247 3861 293 3928 qui
312 3868 354 3915 est
372 3863 489 3925 Armati,
507 3870 539 3917 ut
557 3864 608 3918 boc
625 3866 736 3918 concine
753 3865 890 3919 Armenia
907 3866 1076 3934 eipnificetur
1164 3870 1180 3920 5
1201 3869 1265 3936 quis
1286 3870 1310 3921 P

196 3947 283 4001 isdem
305 3948 695 4017 TeisdemPpscme
717 3960 764 4010 cet.
816 3954 891 4009 'ICL
906 3954 1082 4023 prPTOM
1133 3954 1176 4009 CL
1191 3957 1239 4009 alt.
1259 3956 1308 4009 ΤΒ

162 4036 223 4090 8et
244 4037 276 4090 10
294 4037 341 4090 XL
359 4037 475 4093 PBGM
545 4041 691 4094 9caelosti
709 4042 737 4095 P
755 4042 775 4107 (i
795 4060 828 4096 ex
847 4059 861 4095 e
879 4047 935 4109 nr2)
1019 4044 1217 4111 erestusuitP
1235 4048 1307 4099 estu·

161 4153 221 4207 nuit
243 4152 303 4205 ΤΒ
382 4155 414 4209 12
434 4155 527 4210 cedern
547 4156 647 4211 om.Y
723 4159 756 4213 14
775 4124 980 4263 serncpdimP
1056 4160 1089 4213 15
1109 4160 1146 4211 it
1164 4160 1259 4214 erehee
1279 4160 1309 4213 N

162 4269 195 4321 17
214 4268 344 4322 uidentur
362 4270 389 4321 B
436 4271 469 4325 18
483 4271 532 4325 bos
551 4273 579 4325 P
597 4273 626 4338 (h
644 4289 665 4326 c.
687 4279 724 4337 u.)
770 4276 805 4327 :25
826 4240 939 4342 erirnque
958 4275 985 4328 P
1003 4291 1116 4345 cumque
1140 4276 1169 4339 Τ,
1189 4276 1238 4344 qui
1256 4292 1307 4331 om.

159 4362 292 4412 rectorem
304 4400 310 4411 .
323 4401 329 4413 .
341 4402 348 4415 .
359 4358 416 4411 fieri
471 4362 505 4415 26
526 4361 693 4423 conditorem
713 4363 740 4416 P
758 4365 794 4429 (m
815 4368 896 4427 erne.)
