3142 4967
254 492 318 555 484
725 490 924 545 Ambrosii

252 684 432 749 Zacchaeus
448 684 519 749 ideo
534 684 661 748 ueniam
676 685 802 763 meruit,
819 688 968 768 quianon
985 687 1089 752 solum
1110 706 1144 752 se
1162 688 1400 765 restituturum,

252 791 309 856 sed
331 789 543 875 quadruplum
563 792 710 875 promisit
728 793 844 874 quibus
864 792 971 875 aliqua
989 794 1186 873 sustulisset,
1204 796 1400 879 pauperibus
1473 808 1496 861 Ε

252 918 378 982 quoque
393 898 602 965 medietatem
628 898 679 963 sni
700 899 884 980 patrimonii
907 900 1107 966 donaturum.

163 1006 228 1069 103
297 1006 541 1071 Consideremus
565 1006 660 1069 etiam
685 1004 871 1088 diligentius
895 1006 971 1087 quid
996 1007 1039 1071 sit
1062 1006 1146 1089 quod
1174 1008 1232 1072 ait:
1265 1027 1399 1073 arcum

251 1132 378 1177 meum
408 1130 550 1194 ponam
581 1112 620 1175 in
651 1112 757 1190 nube,
790 1118 828 1177 et
858 1112 937 1176 erit
967 1114 1126 1197 signum
1155 1118 1402 1181 testamenti
1438 1140 1454 1181 s

253 1220 410 1285 aeterni
432 1220 541 1283 inter
564 1238 621 1283 me
645 1224 684 1284 et
707 1223 869 1286 terram.
902 1223 940 1283 et
971 1220 1051 1284 erit
1081 1240 1167 1285 cum
1198 1222 1401 1288 innubila-

251 1346 346 1392 uero
378 1327 504 1391 nubes
536 1345 658 1409 super
687 1331 847 1404 terram,
879 1327 1042 1409 parebit
1073 1322 1190 1393 arcus
1219 1349 1328 1394 meus
1359 1330 1399 1394 in

251 1437 364 1512 nube,
389 1438 428 1499 et
455 1454 602 1499 memor
633 1454 696 1499 ero
728 1434 971 1498 testamenti
994 1434 1087 1498 mei.
1121 1454 1182 1499 non
1206 1436 1290 1501 anim
1315 1437 1401 1503 sicut

249 1543 392 1627 plerique
421 1540 620 1620 arbitrantur,
649 1559 758 1605 arcum
784 1539 885 1605 istum
913 1538 991 1603 dicit
1018 1559 1111 1622 quem
1142 1542 1232 1608 aiunt
1254 1543 1399 1608 homines

251 1668 331 1722 esse,
356 1667 418 1731 quo
442 1647 624 1731 pluuiarum
647 1646 739 1731 signa
762 1646 869 1727 aliqua
893 1645 1101 1723 declarentur,
1124 1648 1156 1711 in
1185 1668 1247 1731 quo
1277 1651 1399 1715 colores
1423 1678 1453 1717 ιο
1564 1724 1565 1727 ¹

250 1755 368 1820 diuersi
387 1757 550 1835 tamquam
568 1751 728 1816 radiorum
747 1751 825 1815 solis
845 1769 928 1815 nunc
946 1752 1156 1833 rutilantium,
1176 1772 1260 1819 nunc
1278 1755 1400 1821 lumine
1471 1763 1494 1816 F
1564 1798 1565 1803 η

251 1862 381 1926 clariore
395 1860 571 1925 lucentium
584 1858 771 1942 figurantur,
788 1858 871 1922 unde
887 1861 920 1922 et
936 1858 1047 1942 pluuia
1064 1859 1173 1923 futura
1191 1860 1399 1945 significatur,

251 1988 286 2032 eo
325 1967 410 2051 quod
445 1966 658 2031 inconstantia
694 1964 850 2047 quaedam
888 1964 1067 2030 serenitatis
1109 1967 1304 2033 uersicolora
1342 1969 1401 2035 illa

251 2075 357 2157 specie
381 2074 623 2138 demonstretur.
657 2088 765 2136 arcum
790 2070 874 2135 hunc
897 2072 970 2135 irim
994 2072 1122 2153 quidam
1146 2074 1318 2157 appellant,
1344 2077 1400 2141 sed

251 2181 335 2245 absit
361 2184 398 2245 ut
426 2180 509 2245 hunc
538 2199 645 2244 arcum
676 2179 726 2242 dei
755 2197 826 2243 esse
851 2178 1008 2255 dicamus;
1033 2179 1085 2244 lric
1109 2180 1191 2245 euim
1215 2200 1319 2262 arcus,
1344 2184 1400 2265 qui
1422 2210 1451 2249 ιε

249 2289 305 2352 iris
329 2287 455 2357 dicitur.
479 2307 534 2369 per
557 2286 640 2351 diem
664 2285 765 2350 uideri
796 2285 888 2362 solet,
917 2289 1010 2351 nocte
1039 2304 1099 2351 uon
1128 2290 1267 2370 apparet.
1302 2290 1399 2354 etiam

249 2394 429 2478 peripsum
448 2394 541 2470 diem,
561 2394 589 2457 si
609 2392 768 2457 obductus
793 2411 846 2457 aar
869 2393 980 2456 taetris
1004 2393 1143 2458 nubibus
1165 2394 1272 2475 fuerit,
1293 2415 1332 2460 ne
1352 2397 1399 2461 sic

250 2501 379 2586 quidem
406 2502 543 2579 uidetur,
571 2500 604 2563 ni
631 2500 711 2564 forte
740 2517 814 2564 cunr
841 2499 1004 2583 grauiores
1036 2500 1138 2565 nubes
1171 2520 1205 2565 se
1238 2502 1401 2583 coeperint

158 2610 223 2679 104
245 2610 392 2674 relaxare.
418 2628 492 2693 ergo
516 2606 683 2672 uideamus
702 2626 752 2684 ne,
773 2606 847 2688 quia
867 2625 969 2685 arcus
990 2626 1052 2689 quo
1073 2607 1209 2691 sagittae
1228 2608 1398 2687 iaciuntur,
1564 2614 1565 2681 i

245 2736 329 2781 nunc
352 2715 503 2791 tenditur,
522 2734 606 2779 nunc
624 2713 810 2787 resoluitur,
830 2713 986 2795 quandam
1006 2715 1220 2779 extensionem
1239 2718 1272 2779 et
1290 2714 1400 2780 remis·
1418 2742 1448 2781 ιο

246 2822 367 2887 sionem
390 2822 537 2887 uideatur
560 2820 717 2904 scriptura
743 2818 934 2902 significare,
960 2839 1015 2902 per
1033 2840 1129 2902 quam
1148 2839 1250 2902 neque
1267 2822 1397 2905 penitus
1444 2828 1535 2885 27οΑ

244 2930 453 3012 pernimiam
477 2928 690 2993 extensionem
714 2918 864 2990 uniuersa
888 2930 1085 3009 rumpantur,
1106 2927 1161 2992 sed
1180 2928 1224 2991 sit
1241 2928 1397 3009 quaedam
1564 2928 1565 3013 l

245 3055 394 3101 mensura
417 3040 450 3100 at
472 3034 629 3118 quoddam
653 3032 781 3097 diuinae
806 3034 936 3098 uirtutis
961 3052 1100 3100 eramen.
1125 3037 1175 3099 est
1198 3054 1272 3119 ergo
1292 3036 1397 3101 uirtus

245 3143 419 3207 inuisibilis
443 3142 503 3220 dei,
528 3162 608 3223 quae
632 3144 664 3205 et
682 3140 788 3224 specie
806 3139 902 3204 istius
922 3159 1014 3204 arcus
1033 3141 1220 3205 extendendi
1239 3145 1272 3206 et
1289 3143 1397 3207 remit-

245 3249 333 3313 tendi
361 3249 542 3313 moderatur
569 3267 623 3331 pro
653 3248 761 3312 diuina
790 3247 955 3311 uoluntate
983 3246 1200 3313 misericordia
1222 3251 1395 3330 potestate,
1414 3278 1441 3319 2⁵

246 3376 326 3439 quae
353 3374 455 3438 neque
484 3356 589 3419 omnia
616 3353 767 3419 conlundi
795 3353 892 3416 nimia
920 3353 1079 3418 solutione
1107 3374 1207 3437 neque
1240 3354 1395 3439 disrumpi

244 3465 342 3528 nimia
368 3462 549 3546 inruptione
577 3462 724 3545 patiatur.
760 3480 853 3542 quam
883 3460 952 3525 ideo
981 3460 1013 3523 in
1041 3460 1180 3525 nubibus
1208 3460 1287 3527 dicit
1309 3463 1393 3544 poni,

245 3572 320 3654 quia
337 3575 412 3635 tuuc
430 3570 566 3634 maxime
585 3587 665 3651 opus
685 3570 734 3631 est
751 3567 876 3630 diuinae
892 3565 1008 3630 auxilio
1023 3566 1252 3649 prouidentiae,
1268 3568 1393 3650 quando

245 3678 371 3762 agmina
388 3678 522 3742 nubium
540 3676 572 3740 in
591 3674 747 3758 procellas
770 3676 1043 3756 tempestatesque
1067 3678 1234 3756 coguntur.
1258 3674 1392 3757 ideoque
1457 3690 1481 3745 Β

245 3786 336 3851 dicit:
357 3805 490 3851 arcum
510 3803 634 3848 meum
654 3800 795 3865 ponam
815 3781 853 3844 in
874 3780 986 3858 nube,
1003 3800 1064 3844 non
1079 3780 1240 3864 ‘sagittam
1256 3788 1391 3863 ponam‘.
1409 3811 1438 3851 eo

335 3944 347 3997 l
368 3945 433 3997 Luc.
454 3944 496 4006 19,
514 3942 532 3995 8
586 3939 689 3996 4Gen.
710 3941 736 4006 9,
757 3937 862 3992 13—16
881 3935 962 3989 Philo
983 3933 1095 4001 Quaest.
1114 3934 1142 3988 11
1161 3937 1196 3991 64

282 4068 429 4122 lzacheus
448 4061 570 4119 PDNM
586 4064 716 4119 zachaeus
735 4068 782 4117 ccl.
863 4078 891 4113 se
909 4076 931 4113 a.
950 4076 978 4113 u.
997 4062 1045 4112 nr2
1062 4060 1090 4112 P
1163 4061 1322 4115 restiturum
1341 4060 1394 4113 BC

244 4155 550 4213 etcorr.Pr›12T‘ml
618 4150 757 4221 2aliquid
775 4151 803 4203 Β
875 4148 1076 4214 dtastamenti
1094 4148 1122 4201 P
1185 4147 1218 4202 14
1238 4148 1347 4218 quidam
1365 4150 1392 4203 P

246 4252 274 4315 (q
293 4264 326 4301 erc
345 4250 370 4312 a)
479 4247 579 4298 uocant
600 4242 659 4297 CM
747 4241 780 4293 16
799 4240 974 4309 pernoctem
992 4236 1085 4290 DUM
1174 4237 1205 4290 17
1224 4239 1304 4291 tetris
1325 4238 1389 4291 libri

246 4337 278 4389 18
298 4334 437 4404 coeperint
455 4334 526 4387 seB
572 4334 605 4387 19
619 4331 729 4400 squoP
773 4330 807 4382 27
827 4328 949 4397 patiatur
958 4331 1024 4394 post
1038 4324 1174 4379 solutione
1188 4325 1392 4395 trurmponitN

244 4424 278 4478 28
298 4422 408 4477 diuinae
426 4426 469 4477 est
488 4422 519 4475 N
