3142 4967
571 1193 691 1259 DIES
724 1193 937 1259 PRIMVS.

74 1320 133 1401 l,l
228 1317 408 1383 Tantumne
433 1318 591 1402 opinionis
615 1318 833 1401 adsumpsisse
857 1318 1011 1396 hominen,
1036 1322 1073 1383 ut
1096 1319 1195 1401 aliqui
1219 1337 1327 1382 eorum
1343 1330 1416 1385 Ila

58 1424 137 1463 ⁸¹⁸¹¹⁰l
182 1424 243 1489 tria
274 1424 429 1507 prinoIpia
462 1426 692 1490 constituerent
724 1426 875 1503 omnium,
909 1425 1003 1489 deum
1037 1429 1069 1489 et
1100 1426 1258 1507 exemplar
1295 1428 1368 1493 etB

181 1532 357 1609 natatoriam,
382 1532 466 1597 sicut
488 1532 580 1597 Plato
610 1532 826 1615 discipulique
856 1532 936 1607 eius,
961 1538 991 1596 et
1020 1552 1057 1597 ea
1084 1534 1267 1613 incorrupta
1293 1534 1327 1595 et

151 1659 163 1697 ⁵
182 1638 322 1703 increata
341 1658 376 1703 ac
390 1639 456 1703 siue
471 1639 560 1704 Initio
576 1658 645 1704 esse
665 1639 888 1703 adseuerarent
907 1638 1064 1721 deumque
1083 1659 1145 1703 non
1163 1642 1326 1719 tamquam

138 1798 141 1806 .
183 1748 354 1809 creatorem
377 1746 539 1824 materiae,
564 1746 619 1810 sed
643 1748 805 1827 tamquam
829 1746 982 1811 artificem
1006 1746 1045 1809 ad
1075 1746 1243 1827 exemplar,
1266 1744 1326 1807 hoo

183 1852 233 1915 est
263 1850 367 1916 ideam
400 1852 615 1917 intendentem
648 1852 764 1915 secisse
796 1852 952 1916 mundum
985 1852 1023 1916 de
1054 1853 1198 1929 materia,
1232 1870 1326 1933 quam

182 1960 299 2022 uocant
322 1954 407 2045 ὕλην,
432 1978 511 2041 quae
536 1958 685 2043 gignendi
710 1978 823 2023 causas
845 1960 940 2023 rebus
965 1960 1111 2023 omnibus
1131 1958 1256 2022 dedisse
1275 1957 1327 2020 ad·

182 2067 314 2142 seratur,
338 2065 443 2147 ipsum
467 2084 591 2148 quoque
615 2067 768 2131 mundum
791 2067 1009 2150 incorruptum
1031 2084 1089 2130 nco
1112 2069 1252 2129 oreatmn
1271 2066 1326 2127 aut
1345 2072 1361 2124 2
1380 2070 1404 2123 n

139 2194 164 2231 ιο
182 2171 302 2235 factum
322 2173 536 2250 aestimarent,
552 2173 605 2237 alii
626 2192 761 2255 quoque,
781 2175 818 2237 nt
831 2173 1022 2237 Aristoteles
1042 2192 1113 2237 oum
1134 2172 1201 2235 suis
1221 2171 1328 2252 dispu-

181 2277 312 2342 tandum
336 2279 473 2359 putauit,
494 2279 556 2345 duo
579 2280 732 2363 principia
754 2286 916 2362 ponerent,
935 2280 1099 2343 materiam
1123 2282 1155 2343 et
1178 2278 1327 2361 speciem,

183 2388 215 2449 et
251 2385 381 2449 tertium
420 2405 492 2449 cum
532 2386 593 2459 nis,
632 2386 716 2469 quod
755 2387 967 2469 operatorium
1005 2386 1131 2461 dicitur,
1165 2384 1217 2449 cui
1254 2384 1328 2448 sub·

119 2486 137 2544 '2
183 2494 304 2573 peteret
327 2496 546 2575 competenter
569 2492 692 2557 allicere
717 2494 803 2577 quod
830 2492 1036 2558 adoriendum
1063 2496 1221 2575 putasset.
1250 2490 1327 2573 quid

182 2598 280 2682 igitur
311 2602 376 2663 tam
410 2600 635 2665 inconucnieus
668 2620 762 2681 quam
796 2604 833 2665 ut
865 2600 1084 2663 aeternitatem
1116 2598 1220 2680 operis
1253 2617 1325 2661 cum

142 2728 165 2765 15
184 2704 233 2769 dei
271 2705 497 2788 omnipotentis
531 2707 758 2790 coniungerent
794 2706 980 2771 aeternitate
1018 2705 1071 2769 uel
1102 2705 1209 2787 ipsum
1247 2724 1326 2787 opus

184 2811 276 2875 deum
310 2832 381 2877 csse
414 2812 563 2894 dicerent,
597 2816 634 2876 ut
665 2814 790 2877 caelum
823 2818 854 2877 et
885 2818 1001 2877 terram
1032 2816 1064 2876 et
1092 2832 1178 2877 mare
1207 2810 1367 2884 diuinisss

183 2922 446 3003 prosequerentur
469 2920 661 2985 honoribus?
686 2940 721 2984 sn
745 2940 807 3003 quo
830 2920 949 2984 factum
971 2921 1021 2983 cst
1038 2922 1076 2983 ut
1093 2922 1198 3002 partes
1216 2918 1327 2981 mundi

270 3162 287 3215 4
306 3161 383 3215 Diels
402 3161 575 3231 Doxographi
596 3161 691 3216 Oraoci
715 3179 739 3231 p.
760 3163 822 3225 567,
842 3163 857 3215 7
877 3178 935 3230 sqq.
954 3160 1048 3215 Baeda
1069 3160 1137 3213 ch.
1155 3160 1170 3213 I
1188 3160 1222 3214 39
1241 3164 1263 3216 Α
1283 3160 1326 3223 Μ.

218 3318 255 3373 IN
271 3320 415 3375 NOMINE
430 3304 473 3373 DI
483 3320 611 3375 PATRIS
627 3320 908 3375 OMNIPOTENTIS.
921 3320 1110 3375 INCIPIVNT
1129 3319 1228 3373 LIBRI
1243 3318 1324 3385 (INC.

183 3408 218 3462 LI
243 3408 278 3475 G)
303 3408 505 3463 EXAMERON
533 3410 571 3463 ID
601 3410 666 3463 EST
696 3410 761 3463 SEX
789 3410 940 3464 DIERUM.
966 3396 1028 3465 SUI.
1052 3408 1236 3463 anfflaosrl.
1261 3408 1325 3461 EPS

184 3496 358 3562 (EPISCOPI
381 3498 415 3564 G)
437 3498 488 3553 (fu
506 3498 643 3553 INCIPIT
663 3498 872 3553 TRACTATUS
892 3485 951 3554 SOI
967 3498 1143 3552 AMBROSII
1160 3482 1222 3551 ΕΗ
1239 3496 1326 3551 Exn-

183 3586 309 3643 MERON
337 3586 363 3640 V
384 3574 439 3642 SCI
461 3587 637 3642 AMBROSII
660 3584 799 3641 PRIMUS
823 3588 871 3641 DE
895 3586 963 3642 SEX
984 3586 1117 3641 DIEBUS
1141 3587 1165 3642 u
1188 3584 1325 3639 INCIPIT

183 3675 370 3731 PROLOGUS
386 3662 443 3732 SOI
455 3676 630 3731 AMBROSII
643 3676 689 3730 ΕΡ
703 3676 820 3731 SUPER
831 3675 1030 3730 EXAMERON
1037 3676 1070 3731 ΞΡ
1085 3661 1327 3729 SCIAMBROSII

183 3766 292 3833 (deinde
308 3780 382 3819 ortus
400 3770 426 3819 ct
444 3766 576 3820 dr'mr'dius
594 3782 689 3819 uersus
708 3767 791 3833 cras.)
810 3766 853 3819 Μ’
876 3752 977 3820 INCIP
1000 3762 1200 3819 EXAIIERON
1225 3763 1327 3816 AMBR

183 3853 218 3907 M
238 3852 347 3909 INCIP.
371 3853 594 3910 EXAEMERON
619 3842 678 3909 SCI⁴
697 3854 874 3909 AMBROSII
895 3854 1005 3909 LIBER
1028 3855 1040 3908 I
1064 3854 1113 3907 DE
1138 3852 1325 3907 PRINCIPIO

182 3944 338 4000 RERUMS
351 3944 390 3999 IN
403 3943 549 3999 NOMINE
563 3942 627 3997 DEI
640 3944 767 3999 PATRIS
781 3944 921 3999 INCIPIT
934 3942 1113 3999 MACROBII
1127 3940 1327 3996 THEODOSII

183 4032 357 4089 snua0s11
374 4032 673 4087 MEDIOLANENSIS
691 4019 754 4087 LIE
772 4032 838 4099 QUI
855 4032 1026 4087 UOCATUR
1043 4030 1253 4087 EXAMERON.
1272 4029 1325 4083 IN-

184 4122 278 4177 CIPIT
296 4122 345 4176 DE
363 4122 478 4177 PRIMO
497 4121 561 4176 DIE
581 4120 709 4177 SECULI
728 4123 755 4176 B
809 4122 872 4176 lin
893 4126 974 4186 (cros.
997 4120 1026 4189 C,
1045 4122 1097 4175 dcl.
1116 4124 1164 4175 ma
1182 4120 1218 4187 G)
1238 4119 1325 4173 incor-

182 4216 261 4281 rupta
282 4210 333 4266 Cu
431 4209 561 4265 Sl'lllN
581 4210 691 4279 Sylom
713 4210 821 4263 I'GVB
837 4210 900 4278 ylen
923 4208 948 4263 G
967 4212 1014 4263 ruE
1031 4215 1079 4263 cet.
1177 4208 1208 4260 12
1227 4207 1283 4259 tiss
1304 4204 1329 4255 (l

218 4298 400 4369 operatorium
420 4301 502 4363 (corr.
521 4302 577 4365 or2)
601 4298 660 4353 CN‘
717 4299 749 4351 13
770 4296 947 4351 adortundnm
969 4297 1051 4351 Grut’
1062 4296 1101 4349 N'
1157 4296 1189 4348 15
1209 4294 1325 4348 aeterni-

183 4394 239 4443 tate
258 4386 454 4457 coniuugercnt
472 4386 540 4439 Diu.

1260 4487 1290 4539 lot
