3142 4967
253 461 321 526 382
728 455 927 510 Ambrosii

254 654 379 719 nostri
398 654 485 717 lesu
505 651 651 717 Christi
670 653 857 717 seruetur.
884 649 975 715 cuius
994 651 1228 733 conspersionis
1247 650 1406 732 primitiae

256 761 418 844 spiritales
448 762 531 837 sunt,
561 758 620 823 hoo
649 761 699 822 est
721 757 922 823 inuentiones
946 761 978 822 et
1001 757 1218 841 generationes
1243 775 1406 833 sensuum,

254 868 312 952 qui
330 887 382 932 ex
415 867 526 951 uigore
558 867 681 930 animae
713 866 899 947 procedunt.
931 865 987 930 sed
1019 883 1080 930 non
1114 883 1223 930 omnes
1251 863 1407 946 primitiui

254 995 369 1039 sensus
402 974 464 1038 nisi
496 974 551 1056 qui
582 972 723 1038 malitiae
751 976 785 1037 et
812 972 1014 1056 inprobitatis
1043 975 1138 1054 atque
1167 972 1269 1037 omnis
1293 970 1406 1036 erroris

254 1085 379 1146 exortes
412 1081 486 1146 sint.
520 1083 597 1144 sunt
628 1078 725 1144 etium
755 1079 952 1144 necessariae
991 1078 1132 1161 corporis
1170 1078 1406 1154 delectationes,
1436 1097 1448 1137 ι

256 1191 295 1253 ut
329 1187 506 1254 dormiendi
537 1186 651 1250 edendi
682 1185 812 1250 bibendi
844 1184 1066 1250 deambulandi
1098 1187 1131 1249 et
1164 1185 1261 1249 ceteri
1293 1203 1406 1250 sensus

257 1295 454 1372 huiusmodi,
486 1294 541 1360 sed
565 1313 626 1358 non
651 1294 682 1358 in
705 1293 756 1358 his
779 1293 950 1376 primitiae.
974 1296 1006 1357 et
1028 1293 1100 1357 ideo
1124 1292 1241 1358 nonin
1266 1292 1327 1371 his,
1351 1291 1406 1356 sed

258 1403 290 1466 in
322 1401 388 1467 illis
422 1401 542 1468 domiui
576 1403 819 1478 sacramentum,
853 1400 908 1463 ubi
941 1399 1083 1477 castitas,
1117 1399 1172 1464 ubi
1204 1399 1318 1482 pietas,
1352 1398 1404 1463 uhi
1460 1415 1479 1468 E
1548 1381 1549 1416 ³

254 1508 335 1572 fides
351 1512 445 1590 atque
466 1507 604 1572 deuotio.
625 1507 716 1572 euius
736 1507 782 1571 rei
801 1506 1005 1571 manifestum
1027 1509 1058 1569 et
1077 1507 1207 1572 euidens
1227 1506 1405 1588 exemplum

257 1618 309 1678 est
341 1614 459 1680 oblatio
492 1614 688 1697 patriarchae
720 1613 821 1690 Isaac,
856 1632 950 1695 quem
985 1612 1132 1678 sacrificii
1162 1613 1257 1678 modo
1291 1611 1406 1695 optulit
1423 1633 1445 1674 u
1549 1648 1550 1724 p

258 1723 348 1803 pater
386 1720 505 1786 nullius
547 1724 636 1786 motu
678 1720 837 1802 passionis
879 1719 1010 1785 inflexus
1048 1720 1215 1799 humanae,
1258 1719 1406 1784 mundam

259 1827 392 1892 offerens
408 1827 466 1892 deo
480 1828 620 1893 hostiam
637 1845 836 1909 uacuumque
855 1826 1034 1892 formidinis
1051 1829 1083 1891 et
1101 1845 1269 1908 corporeae
1288 1825 1407 1908 cupidi-

260 1934 336 1999 tatis
366 1934 539 2015 inmrrnem,
570 1953 644 1998 cum
672 1934 743 2016 ipsa
765 1934 869 2016 pietas
892 1934 992 2015 patris
1017 1933 1179 1998 deuotioni
1203 1933 1330 1998 eederet
1351 1934 1407 1997 im·

260 2040 421 2104 molantis.
1550 2054 1551 2124 l

189 2152 256 2234 2,7
303 2145 396 2210 Nunc
433 2146 670 2211 consideremus
707 2167 787 2230 quae
825 2146 868 2212 sit
906 2147 956 2210 uis
990 2146 1202 2230 primitiarum
1235 2151 1269 2210 et
1300 2149 1404 2210 utrum
1423 2152 1478 2206 nl
1550 2135 1551 2208 ἶ

260 2255 403 2336 tempore
436 2253 643 2319 aestimentur
668 2254 829 2338 primitiae
858 2274 897 2318 an
926 2255 1105 2330 sanctitate,
1132 2253 1194 2318 hoo
1222 2257 1273 2319 est
1301 2257 1405 2317 unum

260 2359 367 2424 omnia
388 2359 600 2442 primogenita
623 2361 907 2426 sanctificationem
932 2361 1070 2425 habeant
1096 2359 1319 2444 primitiarum.
1347 2359 1406 2441 pri·
1445 2365 1516 2422 luel

248 2469 368 2534 ,mitiae
393 2470 510 2533 etenim
533 2471 696 2533 fructuum
719 2472 848 2533 sanotae
872 2469 1048 2534 seeundum
1070 2469 1186 2554 legem,
1211 2468 1286 2550 quia
1308 2469 1339 2532 in
1359 2466 1406 2530 his
1541 2462 1552 2538 l

259 2576 416 2658 optimum
441 2576 576 2640 festinae
599 2575 673 2640 fidei
697 2576 888 2642 sacrificium
913 2579 971 2652 est,
993 2577 1049 2642 sed
1067 2575 1149 2640 fiunt
1167 2579 1296 2640 sanctae
1316 2573 1407 2638 deuo-

220 2731 224 2738 »
259 2681 356 2760 tione,
389 2701 450 2747 non
483 2685 636 2763 tempore.
669 2702 729 2748 non
763 2685 937 2766 prouentus
967 2683 1154 2760 sanctificat,
1184 2683 1240 2747 sed
1270 2680 1447 2746 deuotione

259 2788 396 2870 denique
424 2789 480 2852 uhi
510 2790 593 2853 celer
620 2793 795 2872 prouentus
825 2793 884 2869 est,
910 2790 937 2854 si
962 2790 1089 2854 deuotio
1113 2792 1264 2866 moretur,
1290 2787 1409 2854 offensa

258 2896 465 2960 contrahitur.
495 2915 555 2960 non
585 2915 658 2980 ergo
688 2898 792 2962 omnia
820 2897 1031 2981 primogenita
1062 2900 1182 2973 saneta,
1216 2896 1273 2960 sed
1304 2894 1409 2958 omnia

260 3020 342 3082 quae
358 3006 468 3066 sancta
481 3006 557 3066 sunt
570 3003 666 3068 etiam
682 3004 905 3087 primogenita.
927 3003 1060 3084 denique
1077 3003 1151 3068 Cain
1166 3001 1406 3086 primogenitus,

259 3107 316 3172 sed
348 3128 409 3172 non
443 3113 583 3175 sanctus.
617 3114 746 3174 sauctus
775 3129 900 3193 quoque
928 3110 1065 3174 Istrahel
1094 3109 1144 3173 dei
1172 3109 1321 3192 populus,
1350 3105 1402 3171 sed
1459 3113 1475 3166 Β

261 3233 321 3278 non
349 3214 471 3295 primus
500 3217 612 3280 aetate.
646 3221 679 3280 et
706 3221 811 3280 tamen
840 3216 1070 3300 primogenitus
1102 3215 1290 3299 appellatur,
1324 3213 1444 3278 sieuto

258 3320 416 3403 seriptum
439 3325 489 3386 est
511 3322 542 3385 in
566 3323 746 3405 prophetis:
779 3323 1060 3407 primogenitus
1093 3343 1197 3388 meus
1229 3319 1403 3386 Istrahel.

258 3429 294 3490 et
315 3426 393 3491 Laui
417 3429 557 3507 sanctus,
578 3428 633 3492 sed
653 3448 714 3493 non
733 3429 980 3513 primogenitum
1004 3449 1076 3493 nam
1095 3429 1210 3494 tertius
1228 3427 1304 3492 Liae
1322 3425 1403 3490 filius

351 3619 366 3670 9
385 3618 465 3671 Philo
486 3617 519 3671 de
539 3635 606 3671 sacr.
626 3619 660 3673 33
680 3619 752 3682 (184,
771 3621 819 3683 47;
839 3619 853 3673 I
872 3621 932 3679 247.
951 3621 969 3673 4
990 3619 1030 3686 0.)
1089 3621 1120 3673 17
1141 3619 1221 3676 Num.
1243 3619 1284 3684 18,
1299 3621 1316 3674 8
1331 3623 1358 3674 ct
1375 3619 1403 3672 10

258 3707 295 3759 26
313 3705 396 3762 Exod.
416 3711 441 3770 4,
462 3708 496 3761 22
551 3709 584 3760 27
606 3707 672 3761 Gen.
692 3709 734 3772 29,
754 3709 790 3762 34

297 3833 313 3884 5
333 3833 451 3883 exsortes
470 3831 571 3884 MP‘V
586 3837 611 3885 ct
631 3835 653 3896 (s
668 3849 713 3900 pr.
732 3850 752 3886 a.
773 3838 813 3899 ιι.)
833 3833 860 3886 Ρ
913 3835 978 3902 siut]
999 3837 1064 3887 sunt
1081 3834 1153 3886 MA*
1176 3839 1202 3887 ct
1221 3835 1288 3899 (sint
1306 3833 1361 3902 ιιι3)
1383 3831 1408 3886 V

298 3919 389 3987 eliasu]
410 3919 531 3972 errirnA¹
569 3921 602 3974 10
616 3921 710 3974 isacS
761 3922 863 3991 optulit
878 3921 1143 3977 SAA'P'Vobtulit
1158 3929 1204 3978 cet.
1244 3925 1276 3977 19
1292 3921 1404 3976 festinae

259 4006 399 4060 M‘PPV
415 4007 514 4060 festina
532 4014 580 4062 cet.
635 4010 670 4063 20
683 4010 753 4077 fort.
772 4027 826 4064 nou
839 4011 941 4067 <enine
963 4028 1015 4081 pr.;
1030 4021 1127 4080 <quast
1140 4028 1193 4066 non
1209 4029 1227 4062 α
1238 4011 1333 4081 <quial
1353 4027 1403 4064 non

259 4095 396 4150 eunom.
435 4096 467 4150 21
489 4097 581 4150 aiom.
602 4097 665 4150 AA‘
703 4101 737 4152 22
756 4100 951 4154 uerbaomniu
970 4117 1039 4168 quac
1058 4117 1142 4168 ueqroc
1161 4101 1244 4168 adp.
1265 4102 1404 4154 3922st

260 4184 411 4252 copulatur.
426 4184 511 4238 habes
525 4185 668 4239 detractio
683 4185 717 4253 S;
736 4187 896 4242 exciderunt
909 4187 982 4255 folia
996 4193 1136 4256 quattuor,
1152 4194 1246 4242 sancta
1256 4231 1262 4242 .
1274 4230 1280 4241 .
1293 4231 1298 4242 .
1309 4189 1402 4257 primo·

262 4271 357 4338 genita
375 4288 426 4324 oon.
446 4273 488 4325 Μ’
545 4275 580 4328 23
599 4276 663 4328 suut
684 4279 776 4330 (suut)
796 4293 814 4326 α
871 4277 905 4329 24
923 4291 978 4344 sqq.
998 4277 1049 4330 isrl
1068 4277 1133 4330 ituri
1153 4278 1204 4344 (sie
1220 4277 1279 4344 fere
1295 4275 1402 4345 seraper)

260 4360 296 4412 27
317 4359 387 4412 filius
406 4377 457 4413 om.
472 4361 509 4414 M
