3142 4967
261 438 327 505 428
736 432 933 488 Ambrosii

261 650 323 716 que
351 632 429 696 haec
456 631 489 695 in
517 629 608 695 nobis
636 628 900 709 ualidiora'quae
927 619 1073 710 propiora
1101 626 1199 709 capiti
1223 630 1308 703 sunt,
1333 627 1411 691 baec

261 738 500 823 praestantiora.
524 740 638 820 pectus
662 754 788 819 quoqne
812 736 902 800 uelut
920 733 1078 817 quoddam
1098 734 1270 799 sacrarium
1290 734 1412 817 sapien·

259 847 325 911 tiae
353 850 386 909 et
413 844 600 910 stomachus
628 844 721 907 uelut
749 841 878 926 quidam
905 841 1011 920 testis,
1040 844 1078 906 ut
1105 841 1222 905 medici
1250 841 1350 917 aiunt,
1381 846 1413 905 et

259 952 409 1017 conscius
439 938 633 1017 secretorum
662 950 776 1034 capitis
806 948 1087 1031 conpassionisque
1113 948 1328 1026 consensuri
1354 964 1413 1013 sua

260 1060 368 1124 omnia
399 1059 452 1123 uel
485 1058 624 1123 salubria
655 1059 709 1123 uel
741 1056 878 1121 aduersa
909 1054 1119 1119 transfundat.
1155 1056 1255 1120 latera
1287 1056 1412 1121 naticae
1441 1070 1452 1109 ὁ

258 1165 381 1231 femora
407 1170 439 1230 et
466 1184 557 1229 crura
582 1182 749 1230 mensurae
776 1162 979 1227 latitudinem
1007 1160 1078 1243 ipsa
1100 1162 1207 1244 specie
1230 1162 1414 1247 significant
1472 1154 1487 1208 [¹

259 1272 442 1356 pedumque
475 1290 614 1356 gressus,
643 1271 697 1354 qui
725 1270 788 1337 etsi
817 1268 980 1335 exsiliores
1010 1268 1167 1345 uidentur,
1195 1268 1276 1333 fiunt
1304 1274 1411 1335 tamen

260 1399 334 1445 cum
357 1378 534 1443 incedimus
558 1378 699 1443 latiores.

168 1477 258 1559 &24
305 1471 442 1550 Pulchre
466 1489 574 1550 autem
600 1484 736 1549 addidit:
762 1484 912 1550 ostium
938 1502 980 1548 er
1003 1486 1243 1550 transuerso
1267 1485 1411 1559 iacies,
1467 1482 1485 1535 P

260 1612 330 1657 eam
358 1596 480 1677 partem
508 1593 670 1657 declarans
700 1592 850 1674 corporis,
880 1610 936 1675 per
964 1610 1059 1672 quam
1083 1592 1243 1674 superflua
1266 1592 1409 1657 ciborum
1430 1600 1451 1642 ¹⁰
1543 1660 1544 1673 ,

259 1718 386 1785 egerere
416 1698 654 1778 consonuimus,
684 1702 721 1763 ut
747 1718 828 1781 quae
855 1702 1007 1780 putamus
1035 1698 1226 1781 ignobiliora
1248 1716 1321 1762 esse
1347 1717 1412 1762 cor-

258 1807 356 1888 poris,
385 1807 436 1871 bis
464 1806 616 1871 honorem
644 1805 906 1870 abundantiorem
936 1804 1157 1869 circumdaret.
1190 1804 1274 1888 quod
1307 1807 1410 1871 multo

259 1913 382 1996 gratius
415 1912 573 1995 scriptura
607 1913 762 1995 expressit
794 1932 888 1995 quam
922 1910 1067 1977 Socrates
1096 1912 1127 1976 in
1155 1912 1237 1976 libro
1265 1912 1409 1977 Platonis

258 2020 377 2084 dixisse
395 2020 525 2104 legitur.
545 2040 616 2084 nam
631 2038 703 2084 cum
719 2018 807 2084 istud
822 2020 854 2083 in
869 2019 974 2103 Moysi
990 2004 1116 2102 scriptis
1132 2020 1202 2083 siue
1216 2019 1286 2101 ipse
1301 2019 1409 2085 Socra-

259 2130 308 2192 tes
337 2128 407 2192 siue
434 2128 537 2206 Plato,
567 2128 622 2211 qui
649 2128 680 2190 in
708 2126 855 2210 Aegypto
884 2128 955 2205 suit,
983 2126 1123 2210 potuerit
1150 2126 1202 2190 uel
1226 2128 1332 2210 legere
1357 2128 1407 2191 uel
1426 2138 1448 2176 ¹⁵

258 2233 296 2298 ab
325 2234 365 2298 iis
392 2234 553 2318 percipere
581 2234 636 2317 qui
663 2234 818 2318 legerant,
847 2234 959 2299 decoro
987 2236 1095 2298 motus
1123 2233 1255 2298 inuento
1289 2234 1405 2299 ostium
1466 2228 1484 2280 E

258 2341 320 2405 sibi
335 2344 479 2425 apertum
497 2342 635 2423 putauit,
654 2345 691 2405 ut
710 2341 884 2423 operatoris
903 2342 1003 2406 nostri
1023 2339 1192 2405 consilium
1211 2340 1406 2423 praedicaret

255 2447 390 2513 laudans
415 2468 452 2513 eo
476 2448 615 2530 quodid
638 2448 843 2529 potissimum
868 2448 982 2513 decoro
1009 2447 1205 2523 conuenerit,
1229 2450 1267 2511 nt
1290 2448 1403 2512 ductus

257 2556 411 2639 quosdam
444 2559 540 2639 atque
573 2556 676 2620 exitus
706 2555 928 2620 cuniculorum
955 2558 1135 2621 nostrorum
1160 2574 1177 2619 a
1201 2558 1290 2638 tergo
1320 2574 1404 2620 auer-

255 2666 348 2740 teret,
373 2682 411 2727 ne
435 2664 466 2727 in
491 2662 735 2747 purgationibus
759 2664 881 2727 uentris
901 2664 1090 2743 conspectus
1110 2666 1218 2727 noster
1238 2662 1403 2727 offendere·
1420 2673 1443 2709 ²⁰
1545 2718 1546 2743 ,

256 2771 316 2835 tur.
354 2772 387 2835 at
423 2789 499 2834 uero
537 2771 702 2852 apostolus
736 2788 836 2852 quae
869 2768 1063 2833 uidentur
1094 2769 1199 2850 inquit
1230 2770 1402 2834 membru

255 2876 444 2960 corporis
477 2876 712 2941 infirmiora
745 2895 832 2941 esse
866 2875 1101 2941 necessaria
1134 2878 1238 2953 sunt,
1273 2896 1335 2941 uno
1369 2896 1401 2941 ac

254 2982 394 3067 simplici
430 2985 528 3047 uerbo
567 2982 796 3066 descriptiones
834 2982 1053 3065 philosophiae
1091 3001 1329 3067 supergressus,
1367 2988 1402 3049 et

255 3108 355 3169 qnae
384 3094 572 3172 putamus
600 3089 857 3173 ignobiliora
886 3108 974 3153 esse
1003 3088 1176 3154 membra
1204 3090 1398 3181 corporis,

255 3196 318 3261 bis
337 3198 527 3262 honorem
547 3196 884 3261 abundantiorem
904 3196 1213 3275 circumdamus,
1238 3200 1276 3263 et
1301 3216 1396 3281 quae
1414 3194 1477 3257 rsF

343 3406 490 3471 9Gen.6,
512 3409 544 3461 16
583 3406 920 3468 loxen.comm.14,6
965 3406 1101 3462 ralcor.
1118 3408 1159 3469 12,
1174 3408 1208 3461 23
1248 3410 1280 3462 13
1299 3408 1394 3461 errauit

254 3496 410 3550 Ambrosius
430 3498 468 3550 eis
489 3513 557 3566 quae
577 3495 650 3565 apud
668 3495 811 3550 Philonem
831 3494 942 3559 Quaest.
957 3495 985 3548 ΙΙ
999 3496 1014 3548 6
1030 3496 1158 3564 leguntur
1172 3496 1199 3549 in
1220 3514 1335 3549 errorem
1354 3498 1393 3549 in·

252 3584 359 3639 ductus.
414 3587 447 3639 21
467 3584 481 3639 Ι
500 3584 561 3640 Cor.
582 3586 623 3647 12,
643 3586 678 3638 22
733 3586 767 3638 23
785 3584 801 3637 Ι
821 3582 881 3639 Cor.
903 3585 944 3645 12,
963 3584 997 3637 22

290 3711 301 3762 l
324 3711 462 3779 propriora
480 3710 507 3762 P
525 3714 549 3774 (r
567 3710 617 3764 alt.
637 3710 720 3776 erae.)
743 3708 775 3762 P
796 3712 820 3773 (r
839 3708 888 3761 alt.
909 3712 981 3775 erp.)
1054 3712 1119 3761 sunt
1136 3724 1188 3761 one.
1207 3708 1241 3761 N
1318 3712 1334 3763 5
1352 3708 1392 3761 nel

245 3816 293 3867 pr.
317 3799 371 3852 TN
388 3800 466 3853 uelut
483 3799 514 3851 T‘
534 3802 578 3863 (ut
596 3801 677 3861 erue.)
697 3803 745 3851 cet.
782 3795 1035 3850 distitudinernP
1053 3800 1106 3861 (em
1126 3800 1172 3850 2113
1191 3814 1224 3852 ea
1243 3786 1285 3865 αἶ)
1323 3800 1337 3852 l
1352 3814 1390 3851 er·

251 3888 357 3942 uiliores
377 3889 403 3941 P
423 3893 446 3953 (s
460 3904 504 3956 pr.
524 3888 607 3956 erus.)
626 3887 750 3941 exiliores
770 3892 817 3941 cet.
915 3886 931 3938 9
952 3885 1066 3939 aduerso
1085 3886 1118 3939 N
1213 3888 1245 3941 10
1264 3886 1389 3957 superflua

251 3976 384 4045 ciborum]
405 3977 485 4045 cybus
503 3977 536 4029 N
592 3977 621 4029 ll
643 3976 850 4039 conauaeuimus
865 3974 892 4026 P
943 3975 974 4029 16
994 3974 1047 4027 hiis
1062 3974 1089 4027 B
1107 3974 1149 4027 his
1169 3980 1215 4029 cet.
1274 3978 1388 4044 liprae-

251 4064 420 4118 dicarentT
438 4064 509 4133 et(n
529 4070 599 4132 exp.)
620 4064 681 4117 PT*
739 4064 772 4118 18
792 4080 823 4116 eo
842 4080 893 4117 om.
913 4063 941 4116 B
1014 4062 1110 4116 decoro
1130 4062 1388 4122 l'dccoriPlier

251 4154 279 4219 o)
301 4153 391 4206 Y‘NB
463 4153 643 4207 conuertitP
662 4156 743 4217 (corr.
762 4154 820 4218 m2)
840 4151 867 4204 B
937 4152 969 4205 19
989 4151 1082 4220 atque]
1104 4150 1147 4204 uel
1167 4148 1198 4203 N
1264 4153 1296 4206 21
1316 4150 1348 4204 ad
1366 4156 1386 4210 [t

248 4257 272 4294 a.
291 4240 319 4307 d)
339 4242 366 4294 P
437 4242 471 4293 22
490 4241 637 4295 infirmiora
657 4246 684 4307 (a
702 4256 722 4295 s.
742 4246 782 4307 u.)
803 4240 830 4293 P
895 4239 930 4292 23
948 4239 1109 4309 filosophiae
1129 4238 1183 4292 PT
1200 4239 1385 4309 phylosophiae

254 4330 314 4382 PB
369 4332 402 4383 24
422 4330 541 4384 membra
560 4346 612 4384 one.
630 4331 658 4384 B
