3142 4967
260 491 325 554 340
728 490 927 544 Ambrosii

260 703 421 761 numerus,
447 685 592 750 aboletur
610 687 754 770 superior
773 691 805 752 et
823 688 974 771 cogitatio
995 689 1147 754 accedens
1167 710 1250 755 noua
1270 690 1407 756 excludit

261 789 466 872 superiorem.
506 812 579 876 ergo
617 812 689 858 cum
727 793 864 859 adicitur
899 796 990 872 Abel,
1025 797 1167 861 aufertur
1200 797 1287 862 Cain.
1321 797 1406 880 quod
1449 799 1517 853 lael

260 896 422 960 nominum
450 897 710 982 interpretatione
740 901 865 983 plenius
896 902 1150 985 deprehenditur.
1183 903 1258 969 Cain
1290 905 1406 968 etenim

261 1002 366 1067 dictus
397 1007 447 1069 est
477 1005 660 1088 adquisitio,
691 1008 775 1089 quod
808 1009 913 1074 omnia
941 1010 1001 1074 sibi
1030 1010 1221 1092 adquireret,
1249 1011 1330 1074 Abel
1354 1011 1407 1091 qni

261 1110 367 1175 omnia
394 1111 526 1176 referret
553 1113 592 1177 ad
616 1113 711 1178 deum
733 1115 787 1197 pia
810 1115 947 1180 deuotus
970 1117 1087 1181 mentis
1112 1117 1304 1196 adtentione,
1328 1117 1408 1181 nihil
1438 1143 1448 1178 n
1554 1155 1555 1210 p

261 1219 322 1282 sibi
346 1218 502 1304 adrogans
525 1223 562 1284 61
584 1221 727 1304 superior
749 1223 855 1298 frater,
881 1222 937 1288 sed
960 1225 1065 1288 totum
1088 1225 1230 1289 tribuens
1255 1225 1407 1289 conditori
1554 1219 1555 1240 ¹

262 1326 347 1408 quod
371 1328 547 1409 accepisset
571 1329 608 1393 ab
635 1348 681 1393 eo.
1554 1405 1555 1418 χ

216 1426 236 1488 4
304 1433 395 1497 Duae
425 1434 533 1516 itaque
557 1439 664 1500 sectae
689 1439 763 1500 sunt
788 1437 845 1500 sub
871 1437 1006 1502 duorum
1029 1439 1162 1502 fratrum
1186 1439 1311 1504 nomine
1336 1457 1406 1503 con·

261 1545 439 1625 pugnantes
470 1541 607 1606 inuicem
636 1547 668 1607 et
697 1543 870 1608 contrariae
895 1545 966 1622 sibi,
992 1565 1054 1609 una
1078 1565 1157 1628 quae
1181 1541 1285 1610 tobim
1309 1547 1405 1610 menti

262 1667 337 1713 suae
363 1648 495 1731 deputat
516 1652 679 1732 tamquam
703 1650 870 1733 principali
894 1655 925 1714 et
947 1653 1038 1734 quasi
1057 1652 1182 1717 cuidam
1202 1652 1403 1735 cogitationis
1423 1677 1444 1712 n
1462 1661 1481 1714 Β

263 1759 295 1819 et
318 1774 431 1820 sensus
457 1759 490 1820 et
511 1759 617 1820 motus
643 1757 745 1821 omnis
770 1757 901 1834 auctori,
922 1759 982 1822 hoc
1003 1763 1052 1822 est
1071 1779 1151 1842 quae
1171 1779 1280 1823 omnes
1299 1759 1404 1822 inuen-

262 1863 365 1927 tiones
390 1863 527 1927 humano
553 1863 706 1928 adscribit
728 1865 866 1948 ingenio,
891 1865 989 1930 altera
1013 1885 1092 1948 quae
1116 1869 1278 1947 tamquam
1303 1885 1404 1948 opora-

262 1970 325 2034 tori
349 1972 381 2033 et
404 1971 536 2034 creatori
560 1971 701 2034 omnium
726 1970 783 2035 deo
809 1971 910 2036 defert
934 1977 964 2035 et
989 1973 1057 2036 eius
1080 1976 1241 2055 tamquam
1268 1973 1404 2055 parentis

264 2080 358 2157 atque
382 2077 514 2141 rectoris
539 2077 648 2140 subdit
671 2078 775 2141 omnia
793 2078 1016 2161 gubernaculo.
1037 2081 1093 2142 illa
1111 2079 1195 2163 prior
1215 2077 1291 2144 Cain
1311 2079 1405 2162 signi-

263 2184 386 2259 ficatur,
417 2183 494 2247 haec
524 2184 680 2267 posterior·
709 2184 791 2247 Abel
822 2185 947 2248 dicitur.
978 2185 1034 2249 has
1066 2186 1143 2250 duas
1173 2189 1276 2250 sectas
1306 2187 1405 2248 anima
1424 2213 1443 2249 n

265 2311 328 2355 nna
350 2291 486 2373 parturit
508 2295 540 2354 et
561 2291 632 2357 ideo
657 2310 822 2374 germanae
846 2293 1012 2370 habentur,
1044 2293 1128 2376 quod
1152 2313 1213 2358 runo
1237 2292 1405 2356 fraudantur

265 2402 366 2471 utero,
397 2398 453 2462 sed
484 2399 654 2462 contrariae
688 2403 772 2475 sunt,
806 2401 880 2480 quia
913 2403 1036 2483 oportet
1068 2378 1131 2477 eas,
1165 2419 1237 2478 cum
1271 2399 1402 2480 quodam
1460 2408 1479 2461 t'

264 2505 386 2570 animae
401 2510 494 2588 partu
514 2505 616 2569 editae
635 2507 761 2581 suerint,
783 2507 883 2570 diuidi
903 2527 938 2572 ae
958 2507 1108 2589 separari3
1130 2505 1402 2590 conpugnantihuc

263 2613 346 2676 enim
384 2612 559 2693 hospitium
607 2631 676 2675 esse
713 2631 812 2676 unum
844 2617 995 2696 perpetuo
1029 2633 1089 2677 non
1122 2616 1238 2695 potest.
1273 2612 1402 2694 deniqne

262 2719 415 2796 ltebecca,
449 2737 520 2782 cum
550 2717 628 2782 duas
656 2721 785 2782 naturas
814 2719 943 2783 humani
966 2719 1085 2804 ingenii
1108 2720 1288 2801 parturiret,
1312 2737 1402 2781 unam
1420 2741 1441 2780 cn

263 2825 337 2888 mali
367 2825 497 2888 alteram
522 2823 606 2899 boni,
632 2843 748 2905 easque
773 2825 879 2889 exilire
903 2827 1133 2890 intractatum
1158 2825 1290 2890 sentiret
1313 2845 1403 2888 surum

263 2970 305 2977 -
333 2933 417 2995 Esau
447 2931 531 2995 enim
557 2934 654 3012 typus
685 2934 752 2994 erat
782 2933 934 3009 malitiae,
964 2933 1058 2997 Iacob
1090 2931 1222 3016 figuram
1253 2931 1403 2998 bonitatis

264 3040 394 3120 gerebat
416 3076 469 3115 —,
493 3039 608 3103 mirata
632 3039 708 3121 quid
730 3040 812 3102 illud
832 3045 918 3104 esset
937 3040 1021 3122 qnod
1041 3040 1231 3106 discordiam
1250 3041 1403 3124 quandam

263 3146 406 3228 concepti
421 3150 561 3211 cerneret
574 3147 669 3222 fetus,
690 3147 853 3211 consuluit
871 3147 976 3226 deuru,
997 3150 1033 3210 ut
1050 3147 1230 3230 passionem
1250 3146 1401 3230 proderet,

263 3253 430 3316 medellam
455 3252 552 3319 daret.
574 3253 683 3336 itaque
707 3255 848 3337 precanti
868 3257 918 3318 est
935 3273 1124 3336 responsum
1144 3253 1279 3318 editum:
1304 3253 1399 3317 durae
1417 3279 1438 3313 a
1454 3259 1475 3311 h

352 3481 368 3534 3
391 3479 469 3533 Philo
495 3479 527 3532 dc
551 3497 616 3534 sacr.
643 3481 655 3534 l
682 3481 754 3546 (163,
780 3482 825 3541 13;
849 3477 863 3530 Ι
887 3481 948 3538 203,
975 3481 991 3533 3
1013 3479 1062 3548 0.),
1088 3479 1120 3532 cf.
1141 3479 1173 3534 de
1193 3495 1259 3533 sacr.
1282 3480 1314 3534 10
1334 3480 1402 3546 (101,

263 3570 310 3632 29;
329 3568 344 3621 Ι
363 3570 423 3632 265,
445 3569 477 3622 10
500 3568 540 3622 Oh
595 3570 612 3622 8
630 3569 710 3622 Philo
731 3569 763 3622 (16
782 3587 849 3623 sacr.
871 3571 882 3622 1
906 3570 977 3634 (163,
998 3571 1026 3632 ὃς
1045 3569 1060 3622 I
1078 3571 1138 3634 202,
1154 3571 1169 3623 6
1187 3569 1227 3634 0,)
1280 3569 1402 3623 15Phi10

263 3657 296 3711 (16
316 3675 382 3713 sacr.
404 3659 417 3711 1
439 3659 511 3723 (164,
533 3660 560 3720 1;
581 3658 594 3711 Ι
613 3659 674 3716 203.
693 3659 710 3711 4
732 3658 773 3726 C.)
829 3660 861 3712 19
880 3659 959 3712 Philo
980 3659 1013 3712 de
1032 3675 1098 3712 sacr.
1119 3661 1134 3713 2
1155 3660 1226 3724 (164,
1248 3661 1292 3724 10;
1311 3658 1325 3711 I
1344 3659 1403 3714 203,

264 3749 295 3800 11
319 3747 359 3812 6.)
459 3747 493 3800 22
520 3747 599 3800 Philo
624 3747 657 3800 (16
680 3764 748 3802 sacr.
772 3748 788 3799 2
814 3749 885 3814 (164,
909 3747 956 3812 30;
981 3748 994 3800 l
1018 3749 1078 3811 204,
1102 3749 1119 3802 8
1145 3750 1184 3814 (l)
1285 3751 1319 3802 25
1339 3747 1403 3802 Gen.

265 3838 308 3901 25,
327 3836 362 3888 23

301 3954 363 4006 161
381 3952 514 4021 cogitatio
534 3968 584 4004 ora.
604 3953 631 4004 B
671 3954 766 4006 2cnm
784 3969 807 4006 a.
825 3951 897 4006 aab*
935 3953 1075 4022 3plcnius
1095 3969 1144 4005 onn
1164 3951 1191 4004 B
1227 3951 1244 4006 8
1260 3958 1324 4020 post
1343 3968 1401 4006 con·

262 4045 416 4111 pugnantes
436 4041 502 4096 odd.
519 4029 555 4094 66
569 4042 608 4095 Μ
700 4043 716 4094 9
735 4043 820 4095 menti
839 4057 903 4095 suae
921 4042 976 4094 BP
992 4041 1157 4094 mentisauae
1182 4039 1208 4094 V
1221 4041 1321 4094 mentis
1341 4056 1401 4093 suae

263 4130 322 4182 SM
339 4130 380 4194 (16
398 4147 410 4182 s
430 4130 471 4182 bis
484 4130 565 4196 erus.)
584 4136 631 4184 cet.
684 4131 716 4183 10
736 4130 1004 4198 quidam..·.auct0r
1021 4129 1059 4182 M
1103 4130 1134 4183 11
1156 4129 1242 4182 omuis
1262 4133 1350 4182 motus
1368 4129 1401 4180 A‘

266 4220 297 4272 17
318 4236 346 4286 e·
366 4217 558 4272 contrariaeS
612 4219 779 4287 1116661666
800 4223 830 4284 (c.
852 4218 1071 4285 deindcnrflrlf
1121 4219 1153 4271 21
1174 4217 1290 4271 sentiret
1307 4219 1336 4272 iu
1356 4235 1400 4286 nup

265 4307 343 4360 mlS
390 4309 424 4360 23
444 4305 507 4375 quid
527 4324 578 4360 our.
598 4308 635 4360 M
686 4309 720 4362 25
739 4308 883 4362 medellam
903 4309 1001 4362 SMM¹
1025 4307 1155 4362 medelam
1176 4313 1223 4380 661.
1298 4313 1337 4362 cst
1354 4325 1401 4360 oua

267 4395 302 4448 Μ
372 4395 474 4449 editum
494 4403 507 4448 e
529 4396 562 4447 Μ
579 4397 604 4465 (6
623 4412 644 4450 a.
664 4413 691 4449 u.
709 4399 766 4462 662)
