3142 4967
260 468 326 531 452
750 462 949 517 Ambrosii

259 664 351 727 uelut
379 664 535 726 exsortem
562 660 831 725 inrationabilium
863 660 1049 739 passionum
1082 659 1185 725 solum
1220 659 1410 725 remansisse

260 788 332 835 cum
366 770 444 834 suis.
473 769 524 832 sni
551 771 657 832 autem
687 771 764 831 sunt
791 785 888 851 purae
917 766 1013 831 animi
1041 766 1300 850 disceptationes,
1330 784 1410 848 quae
1467 784 1488 838 F,
1548 808 1549 833 ;

259 876 373 940 uirtuti
403 875 601 940 adhaereant.
636 878 668 939 et
695 874 774 938 hene
799 872 919 938 addidit
942 873 974 937 in
998 892 1071 938 arca
1093 873 1294 949 remansisse,
1319 874 1411 954 quasi
1548 858 1549 865 ἵ

259 984 313 1048 uix
336 982 486 1047 credibile
506 982 680 1063 amputatis
700 980 917 1063 corporalibus
935 978 1137 1063 passionibus
1157 980 1320 1045 uideretur
1339 999 1410 1044 eum
1548 1054 1549 1065 .

260 1089 362 1155 adbuc
385 1088 506 1154 uersari
528 1089 560 1152 in
584 1107 724 1171 corpore,
748 1106 822 1169 quo,
845 1087 923 1152 lieet
945 1088 1007 1151 iam
1032 1086 1164 1151 terrenis
1192 1089 1314 1151 careret
1343 1104 1413 1151 con·
1441 1109 1453 1150 s
1548 1096 1549 1137 ἐ

259 1198 367 1280 tagiis,
394 1197 610 1278 incorruptam
639 1195 726 1273 licet,
751 1194 892 1278 corporis
924 1196 1030 1258 tamen
1064 1194 1167 1258 adhuc
1199 1194 1413 1258 substantiam
1548 1180 1549 1215 ¹

259 1305 443 1369 reseruahai
481 1305 513 1366 et
549 1304 642 1368 uelnt
676 1303 882 1386 incorporeus
921 1302 952 1365 in
991 1320 1120 1384 corpore
1158 1301 1414 1383 superferebatur

261 1410 394 1486 diluuio,
431 1428 492 1476 non
524 1410 763 1487 absorbebatur,
800 1428 915 1492 corpus
948 1407 1076 1491 quidem
1110 1428 1222 1493 gerens
1256 1408 1349 1492 qnasi
1382 1408 1412 1471 in

261 1536 349 1582 arcae
386 1516 512 1599 positus
549 1517 683 1595 interno,
713 1515 770 1581 sed
809 1516 862 1599 qui
900 1535 1014 1598 corpus
1050 1516 1157 1599 ipsum
1189 1514 1414 1599 insuperabilis

260 1625 464 1711 passionibus
499 1625 589 1707 quasi
622 1625 826 1707 incorporeus
859 1624 891 1689 in
928 1622 1033 1688 medio
1071 1617 1230 1687 tantorum
1265 1625 1411 1687 motuum
1431 1629 1487 1683 ror

263 1734 465 1816 gubernaret.
1042 1726 1046 1733 ’

152 1840 260 1923 lisso
308 1842 457 1905 Memor
479 1838 561 1904 fnit
585 1839 771 1903 dominus
795 1838 878 1903 Noe
903 1840 942 1903 st
960 1838 1188 1902 bestiarum
1209 1836 1248 1900 et
1265 1836 1414 1901 iumen-

262 1954 411 2027 torum,
445 1953 483 2011 nt
512 1946 618 2030 inquit
646 1947 804 2027 scriptura
833 1945 949 2012 diuina.
982 1947 1152 2010 mouentur
1179 1944 1323 2027 plerique
1353 1964 1414 2025 qna

264 2074 358 2120 cansa
388 2074 449 2119 non
477 2052 591 2117 dixerit
614 2054 749 2136 scriptor
771 2052 857 2135 quod
881 2052 976 2117 etiam
1001 2052 1105 2117 uxoris
1130 2053 1162 2116 et
1184 2051 1321 2117 filiorum
1346 2050 1414 2116 Noe
1455 2065 1523 2119 atis

264 2179 385 2225 memor
407 2160 471 2224 init
493 2159 581 2232 deus,
602 2178 675 2223 cum
693 2158 865 2224 bestiarum
886 2158 982 2223 fuerit
1001 2160 1031 2221 et
1051 2158 1262 2222 iumentorum
1284 2176 1414 2221 memor.
1433 2176 1455 2215 ιε

267 2267 322 2332 sed
351 2286 424 2331 cum
451 2265 565 2331 dixerit
589 2265 673 2347 qnod
696 2285 818 2330 mernor
841 2264 909 2331 Noe
933 2264 1039 2341 inerit,
1063 2265 1096 2329 in
1121 2266 1250 2329 auctore
1274 2272 1307 2328 et
1329 2284 1416 2347 prae-

268 2375 338 2439 sule
362 2374 475 2438 domus
503 2371 755 2437 necessitudines
783 2372 853 2437 eius
881 2372 1020 2453 reliquas
1049 2370 1285 2453 conprehendit.
1322 2372 1415 2435 simul

269 2479 399 2563 exprimi
422 2479 551 2544 uidetur
574 2478 700 2561 quidam
724 2478 917 2560 reliquarum
943 2496 1115 2543 consensus
1134 2478 1415 2543 necessitudinum.

269 2587 385 2653 etenim
409 2606 482 2651 cnm
507 2605 615 2651 omnes
646 2587 784 2650 inuicem
814 2586 876 2651 sibi
904 2585 967 2650 cari
996 2588 1080 2663 sunt,
1112 2604 1175 2650 una
1207 2590 1257 2649 est
1289 2585 1415 2660 domum

270 2714 343 2761 cnm
380 2697 487 2759 autem
521 2693 711 2775 discrepant,
745 2696 931 2776 separantur
963 2696 995 2756 et
1027 2692 1214 2757 scinduntur
1245 2692 1277 2755 in
1311 2694 1416 2775 plures
1432 2710 1455 2749 ao

269 2801 391 2867 domos.
416 2800 472 2864 nbi
495 2818 569 2883 ergo
594 2799 720 2878 caritas,
744 2800 790 2864 ibi
814 2799 946 2864 senioris
971 2800 1107 2874 nomine,
1131 2799 1170 2863 ds
1194 2818 1256 2881 quo
1279 2798 1416 2880 pendent

271 2908 377 2983 ceteri,
406 2907 519 2973 domus
547 2906 649 2971 omnis
677 2905 884 2990 significatur,
913 2909 950 2970 ut
983 2906 1010 2971 si
1043 2906 1114 2989 quis
1146 2906 1289 2970 arborem
1324 2906 1414 2982 dicat
1468 2910 1485 2963 b

269 3015 383 3095 ntique
408 3013 634 3096 conprehendit
658 3016 691 3077 et
712 3032 827 3092 ramos,
854 3015 880 3077 si
904 3014 975 3095 quis
999 3032 1122 3076 ramum
1146 3013 1299 3091 nominet,
1324 3013 1413 3078 etiarn

270 3120 393 3184 fructus
427 3121 482 3202 qni
513 3120 544 3183 in
578 3140 615 3184 eo
649 3126 726 3185 sunt
756 3122 876 3203 pariter
907 3138 969 3184 nno
1003 3123 1099 3202 atque
1132 3119 1241 3184 eodem
1275 3138 1414 3184 sermone

204 3236 246 3299 57
272 3226 491 3307 conplectitur.
516 3246 574 3291 nec
596 3227 678 3291 illud
702 3228 840 3292 otiosum
868 3227 952 3310 quod
974 3226 1076 3309 primo
1101 3226 1180 3290 dixit
1201 3226 1277 3309 qnia
1299 3244 1416 3291 memor
1431 3242 1453 3281 a

270 3332 333 3397 luit
356 3332 433 3397 deus
451 3334 531 3411 Noe,
551 3334 664 3399 deinde
688 3334 873 3411 bestiarum,
898 3338 1009 3416 postea
1036 3334 1261 3410 iumentorum,
1286 3333 1347 3401 hoc
1370 3336 1416 3397 est

271 3458 328 3505 cnr
349 3460 410 3505 non
435 3460 471 3505 ea
495 3441 665 3506 animantia
689 3460 770 3523 qnae
793 3440 920 3505 mitiora
943 3443 1018 3506 sunt
1040 3445 1115 3522 post
1137 3442 1297 3506 hominem
1322 3440 1415 3505 nomi-

362 3686 395 3737 12
415 3684 482 3738 Gen.
502 3685 527 3750 8,
548 3686 561 3738 l
582 3684 662 3737 Philo
682 3682 794 3748 Quaeri.
814 3683 897 3749 1126
953 3684 987 3737 25
1005 3682 1084 3737 Philo
1105 3682 1215 3748 Quaest.
1234 3682 1262 3735 Il
1282 3684 1317 3737 27

307 3826 406 3879 2suae
427 3826 453 3877 P
471 3824 491 3894 (i
509 3828 557 3878 m2
574 3842 596 3879 s.
616 3828 659 3892 bt)
679 3824 703 3877 Τ
749 3825 766 3879 3
786 3822 864 3878 addit
882 3824 906 3877 Τ
977 3822 1109 3876 mansisse
1123 3822 1151 3875 B
1204 3824 1221 3877 5
1241 3820 1416 3875 uerberariP

273 3913 318 3981 (be
337 3929 416 3974 erae..
436 3930 448 3966 s
467 3916 515 3966 m2
537 3929 558 3966 s.
583 3930 596 3965 r
619 3915 680 3978 alt.)
705 3914 838 3966 reseruati
860 3912 1029 3965 Gresernari
1049 3911 1086 3964 M
1183 3908 1255 3979 quod
1278 3908 1417 3964 TDBCM

272 4004 288 4056 7
306 4003 480 4073 incorporeus
501 4000 597 4055 T‘DN
614 4018 756 4070 corporeus
775 4006 823 4055 cei.
932 4002 960 4054 in
980 4017 1030 4056 om.
1051 4000 1114 4054 DN
1204 3999 1221 4053 8
1240 3998 1345 4054 diluuio
1364 4016 1413 4053 non

271 4090 469 4145 absorbebatur
485 4107 537 4145 om.
552 4090 587 4173 Ξ
639 4091 673 4144 10
691 4091 719 4142 in
742 4091 768 4144 T
785 4093 814 4157 (n
833 4106 854 4143 a.
873 4090 911 4155 u.)
979 4089 1109 4142 fluctuum
1129 4088 1157 4140 B
1209 4090 1241 4143 15
1259 4103 1413 4154 memorpr.

271 4194 322 4233 om.
341 4178 464 4232 DNCM
533 4178 584 4233 dns
605 4176 762 4233 PDA'CM
830 4194 932 4232 memor
951 4180 979 4231 et
996 4178 1177 4231 iumentorum
1195 4177 1222 4230 B
1316 4179 1348 4231 16
1366 4190 1413 4229 noe

270 4310 373 4347 memor
391 4292 513 4348 nncnr
577 4295 610 4348 ar
631 4294 724 4348 aomos
743 4293 770 4347 r>
788 4295 813 4365 (ο
834 4296 883 4348 are.
903 4310 936 4348 ex
953 4294 982 4363 u)
1050 4294 1083 4347 ar
1104 4259 1197 4359 comis
1216 4290 1243 4345 P
1310 4292 1343 4346 aa
1363 4306 1411 4344 non

260 4384 315 4471 ⁸ea]
333 4400 387 4436 non
405 4383 469 4437 DN
483 4400 534 4437 noe
556 4384 615 4437 cM
