3142 4967
272 488 336 551 372
749 482 948 536 Ambrosii

273 679 340 744 cuit
362 679 471 762 patris,
497 677 551 760 qui
573 677 656 743 bona
679 677 804 742 nouerit
825 677 910 754 dare,
935 679 1074 760 atquae
1097 676 1180 741 bona
1204 677 1280 740 sunt
1299 673 1419 737 abono
1479 674 1496 728 C

271 805 397 869 poscas,
431 789 464 850 et
494 785 624 868 inpense
657 787 690 849 et
720 785 901 867 frequenter
932 783 1055 849 monuit
1087 783 1250 860 orandum,
1283 801 1345 846 non
1383 783 1421 844 nt

272 892 441 957 fastidiosa
470 893 672 957 continuetur
704 891 815 970 oratio,
849 891 905 957 sed
938 891 1071 958 adsidua
1097 891 1287 972 frequenter.
1321 888 1422 952 offun-

274 1000 393 1064 duntur
414 1001 601 1082 plerumque
623 999 730 1063 inania
750 1000 864 1083 longae
886 997 1071 1081 precationi,
1093 997 1294 1062 intermissae
1313 997 1422 1059 antem

274 1125 403 1189 prorsus
437 1106 561 1188 obrepit
591 1106 722 1172 incuria.
751 1106 863 1170 deinde
891 1108 1009 1182 monet,
1037 1107 1075 1169 ut
1102 1125 1175 1170 cum
1202 1104 1271 1187 ipse
1294 1101 1423 1166 neniam
1452 1121 1464 1161 a
1558 1165 1559 1176 ,

273 1213 335 1277 tibi
356 1211 474 1295 poscis,
498 1217 568 1276 tam
596 1213 731 1276 maxime
760 1212 830 1276 aliis
858 1212 1055 1294 largiendam
1088 1211 1225 1289 coneric,
1260 1227 1322 1293 quo
1355 1226 1424 1290 pre·

275 1339 344 1384 cem
366 1323 455 1384 tuam
479 1319 582 1402 operis
606 1319 654 1383 tui
677 1337 757 1383 saoce
776 1319 976 1384 conmendes.
1001 1319 1166 1401 apostolus
1185 1336 1310 1401 qaoque
1331 1316 1426 1380 docet
1558 1389 1559 1396 χ

276 1426 427 1492 orandum
465 1427 532 1490 aine
568 1426 615 1489 ira
651 1429 684 1491 et
720 1426 960 1509 disceptatione,
999 1429 1037 1490 ut
1072 1445 1133 1490 non
1166 1425 1323 1500 turbetur,
1362 1442 1424 1488 non
1481 1431 1500 1482 l)
1558 1421 1559 1492 ἶ

275 1535 483 1616 interpoletur
514 1533 614 1598 oratio
646 1535 712 1597 tua.
741 1533 835 1597 docet
862 1535 957 1598 ctiam
987 1533 1139 1597 orandum
1166 1533 1199 1596 in
1228 1531 1313 1597 omni
1341 1531 1424 1606 loco,

278 1661 349 1706 cum
381 1641 522 1705 saluatur
550 1639 648 1704 dicat:
678 1640 778 1704 intra
806 1640 842 1703 in
868 1640 1087 1704 cubiculum
1111 1643 1227 1704 tuum.
1252 1637 1309 1703 sed
1333 1636 1426 1701 intel·
1444 1656 1466 1692 ιο
1558 1655 1559 1716 3

277 1749 348 1832 lege
376 1766 436 1811 non
465 1747 649 1812 cubiculum
678 1747 862 1812 conclusum
893 1747 1076 1829 parietibus,
1105 1765 1167 1828 quo
1197 1747 1253 1810 tua
1284 1743 1427 1810 membra

279 1853 477 1933 claudantur,
502 1853 558 1919 sed
583 1854 768 1919 cubiculum
792 1853 877 1936 quod
898 1854 928 1917 in
955 1859 985 1917 te
1007 1857 1066 1929 est,
1085 1853 1117 1917 in
1137 1872 1198 1936 quo
1217 1851 1427 1916 includuntur

280 1961 489 2045 cogitationes
512 1963 597 2039 tuae,
621 1960 653 2024 in
677 1980 738 2043 quo
762 1964 933 2025 uersentur
960 1979 1073 2025 sensus
1100 1960 1159 2023 tui.
1187 1959 1249 2024 boe
1276 1957 1427 2022 orationis

280 2071 353 2132 tuae
369 2068 553 2132 cubiculum
567 2068 686 2150 ubique
701 2071 808 2132 tecum
824 2072 873 2132 est
888 2071 920 2131 et
938 2067 1056 2150 ubique
1076 2070 1235 2132 secretum
1254 2067 1313 2144 est,
1335 2064 1426 2128 culus

214 2182 257 2244 39
281 2174 397 2238 arbiter
419 2173 527 2238 nullus
557 2177 607 2238 est
633 2175 695 2238 nisi
724 2176 813 2239 solus
838 2174 926 2239 deus.
951 2174 1103 2238 orandum
1128 2176 1234 2238 antem
1257 2171 1468 2254 praecipuas

281 2282 314 2345 et
335 2299 391 2362 pro
415 2281 533 2363 populo
554 2281 687 2359 doceris,
707 2282 767 2346 hoc
791 2284 841 2345 est
863 2301 918 2364 pro
942 2283 1011 2346 toto
1036 2299 1175 2365 corpore,
1195 2299 1251 2364 pro
1274 2275 1426 2343 membris
1483 2283 1501 2336 ll·

282 2386 428 2452 omnibns
443 2378 568 2452 ¹matris
596 2390 681 2465 tuae,
704 2387 736 2451 in
761 2407 822 2469 quo
847 2391 976 2452 mutuae
1001 2387 1143 2452 caritatis
1167 2386 1290 2470 insigne
1314 2387 1375 2449 est.
1399 2383 1426 2447 si

281 2492 366 2556 enim
397 2513 453 2575 pro
486 2496 518 2557 te
548 2513 654 2578 roges,
681 2493 903 2559 tantummodo
931 2514 986 2577 pro
1019 2498 1052 2558 te
1079 2493 1217 2578 rogabis,
1252 2495 1284 2555 et
1315 2491 1345 2555 si
1372 2508 1426 2574 pro

282 2619 316 2663 se
339 2601 465 2665 tantum
493 2600 612 2684 singuli
636 2603 734 2679 orent,
759 2601 861 2664 minor
887 2601 1061 2683 precatoris
1086 2618 1181 2682 quam
1204 2597 1427 2664 intercedentis

282 2709 332 2770 est
356 2708 472 2790 gratim
496 2727 580 2771 nuuc
603 2710 711 2772 autem
735 2708 809 2790 quia
833 2709 952 2794 singuli
972 2712 1061 2774 orant
1078 2727 1134 2791 pro
1155 2707 1312 2785 omnibus,
1333 2705 1427 2770 etiam
1444 2721 1467 2757 20

283 2831 391 2877 omnes
421 2819 512 2878 orant
537 2834 594 2896 pro
627 2814 777 2898 singulis
811 2835 885 2898 ergo
919 2819 957 2879 ut
989 2815 1229 2891 concludamus,
1258 2814 1287 2877 si
1314 2831 1370 2896 pro
1398 2814 1428 2874 te

283 2939 375 3004 roges
412 2923 546 2999 tantum,
577 2921 677 3001 solus,
709 2926 747 2985 ut
780 2921 928 3000 diximus
962 2941 1017 3004 pro
1045 2925 1077 2986 te
1106 2921 1246 3005 rogabis,
1271 2919 1299 2984 si
1323 2922 1428 2984 autem

282 3044 338 3105 pro
368 3027 514 3090 omnibns
542 3045 646 3110 roges,
676 3046 786 3092 omnes
814 3047 870 3110 pro
898 3031 929 3093 te
952 3029 1118 3112 rogabunt,
1148 3025 1306 3109 siquidem
1335 3027 1368 3089 et
1394 3027 1428 3088 tu

283 3133 314 3194 iu
348 3133 494 3196 omnibus
528 3151 571 3196 es.
604 3133 650 3196 ita
681 3152 798 3217 magna
830 3136 1040 3201 remuneratio
1075 3135 1134 3212 est,
1168 3137 1204 3197 ut
1236 3131 1429 3197 orationibus
1481 3136 1499 3189 F

285 3238 484 3321 singulorum
508 3238 714 3320 adquirentur
737 3240 874 3323 singulis
893 3241 994 3304 totins
1013 3241 1117 3325 plebis
1136 3239 1297 3323 suffragia.
1315 3239 1349 3302 in
1370 3255 1429 3320 quo
1445 3256 1466 3295 2⁵

286 3343 471 3429 adrogantia
493 3346 590 3424 nulla,
616 3346 671 3410 sed
698 3347 864 3411 humilitas
894 3347 993 3411 maior
1019 3351 1069 3412 est
1091 3352 1123 3412 et
1146 3349 1271 3412 fructus
1296 3345 1429 3410 uberior.

150 3464 261 3546 10‚40
331 3451 393 3517 Sed
415 3453 478 3516 iam
502 3457 628 3535 tempus
653 3456 703 3518 est
725 3453 786 3518 alio
808 3454 951 3533 transire,
972 3454 1121 3537 quoniam
1142 3456 1179 3520 de
1199 3473 1236 3519 eo
1256 3454 1340 3536 qnod
1360 3455 1431 3534 post
1481 3463 1538 3517 adr.

286 3558 354 3623 dies
378 3560 496 3642 optulit
520 3559 596 3625 Cain
619 3561 711 3642 plene
735 3561 872 3625 diximus
897 3561 998 3625 laetus
1020 3581 1089 3626 essa
1108 3561 1262 3627 indicium
1280 3560 1431 3645 resupini,

378 3750 475 3806 lLuc.
497 3752 538 3812 ll,
560 3751 593 3804 13
635 3752 769 3808 abacta
790 3754 833 3818 26,
852 3755 884 3807 41
930 3755 1064 3809 bllattb.
1086 3756 1128 3820 18,
1148 3755 1254 3810 33-35
1298 3755 1430 3811 rrum.

288 3839 349 3902 2,8
406 3838 638 3902 10Matth.6.6
695 3841 990 3912 lbl'linr.2,1sq.

324 3963 341 4015 2
360 3979 454 4031 pascas
472 3960 550 4013 MM‘
596 3965 612 4017 3
633 3963 807 4018 effunduntur
825 3965 902 4019 ΒΜ
920 3965 1092 4020 offenduntur
1109 3967 1205 4021 13er
1247 3969 1263 4022 5
1281 3968 1384 4039 inrepit
1400 3965 1432 4020 Μ

290 4053 323 4104 12
342 4053 416 4105 intra
433 4055 461 4106 te
479 4053 595 4107 Monac.
613 4058 710 4107 14399
775 4056 808 4109 13
827 4059 891 4108 tuae
910 4072 960 4109 om.
986 4055 1012 4108 V
1066 4057 1099 4110 14
1118 4057 1219 4127 ubique
1233 4057 1292 4127 pa]
1311 4058 1430 4112 ubicum-

290 4141 396 4210 qneM
467 4144 499 4195 17
520 4143 733 4212 estinsigneB
808 4145 841 4198 19
860 4145 977 4214 postoris
1002 4145 1173 4202 VMonacc.
1193 4149 1430 4201 caesaraeae

289 4230 502 4284 Aurelianensis
526 4235 564 4284 33
586 4233 736 4301 peccatoris
760 4239 807 4286 cel.
904 4232 938 4287 28
963 4234 1064 4303 optulit
1087 4233 1241 4288 SAA‘P‘V
1262 4236 1363 4290 obtulit
1384 4241 1426 4288 cel.

325 4318 412 4371 fastus
431 4335 490 4372 esse
509 4319 629 4373 SMAA‘
648 4321 736 4375 factus
756 4325 798 4375 est
817 4322 905 4375 BPP'
925 4322 998 4376 lactu
1014 4326 1056 4376 est
1065 4321 1108 4376 Μ’
1126 4323 1199 4378 sacta
1218 4328 1260 4378 est
1280 4325 1304 4378 V
1390 4324 1427 4376 iu·

291 4406 390 4460 dicium
409 4409 566 4476 resupinata
580 4408 654 4463 Vm!
668 4409 731 4463 inde
750 4427 793 4464 res
809 4413 920 4480 opinata
935 4411 1006 4464 Vna?
