3142 4967
248 464 290 528 54
723 441 921 499 Ambrosii

247 656 351 739 ipsum
380 651 451 717 ideo
480 648 586 713 ferunt
614 644 677 727 ipsi
706 642 824 707 salsam
848 640 942 719 atque
966 651 1105 699 amaram
1128 648 1243 712 aquam
1265 627 1391 703 bebere,

249 761 332 845 quod
361 778 396 823 ea
425 774 506 840 quae
533 753 641 818 fluuiis
670 750 702 814 iu
729 748 811 813 freta
836 744 951 809 influat
977 740 1080 807 calore
1105 738 1301 813 absumatur,
1324 739 1393 800 tau·
1461 751 1486 804 s:

248 872 380 949 tumque
407 880 524 948 uapore
553 860 665 924 diurno
695 851 839 921 consumi
862 851 1017 933 quantum
1041 844 1172 910 cottidie
1196 862 1232 907 ex
1256 842 1392 907 diuersis

248 975 419 1040 fluuiorum
448 968 595 1035 cursibus
623 963 803 1030 inuehatur.
833 955 919 1041 quod
946 974 983 1019 er
1011 954 1089 1019 solis
1118 950 1255 1035 quadam
1278 948 1394 1014 diiudi-

248 1082 371 1149 catioue
390 1078 458 1144 fieri
476 1074 670 1161 perhibetur,
691 1068 746 1151 qui
766 1064 851 1150 quod
869 1081 985 1147 purum
1004 1079 1039 1125 ao
1058 1060 1130 1125 leue
1150 1060 1200 1123 est
1219 1056 1282 1123 sibi
1299 1056 1394 1140 rapit,
1426 1083 1441 1122 a

249 1187 334 1273 quod
358 1204 453 1271 graue
478 1187 573 1265 atque
595 1185 755 1245 terrenum
778 1170 941 1254 relinquit,
961 1188 997 1233 ex
1020 1186 1082 1249 quo
1106 1169 1250 1229 remanet
1272 1163 1394 1228 salsum

249 1295 332 1361 illud
359 1297 454 1376 atque
483 1289 618 1365 andum,
646 1282 732 1368 quod
759 1280 827 1345 sine
855 1296 918 1342 usu
946 1279 979 1339 et
1002 1274 1161 1339 suauitate
1184 1273 1317 1357 potandi
1340 1275 1393 1340 sit.

160 1397 247 1482 4,15
294 1402 358 1469 Sed
380 1400 579 1465 reuertamur
601 1392 640 1459 ad
663 1387 873 1475 propositum.
896 1384 968 1448 fiat
990 1382 1271 1448 firmamentum
1293 1381 1395 1447 iuter
1460 1392 1486 1447 F

248 1510 411 1577 medium
444 1521 571 1588 equae.
604 1519 666 1565 non
698 1498 836 1571 moueat,
870 1491 956 1557 siout
986 1490 1050 1555 iam
1083 1489 1157 1564 diri,
1190 1489 1266 1573 quia
1298 1508 1394 1573 supra
1461 1499 1533 1555 301

250 1617 374 1683 caelum
411 1614 465 1689 ait,
502 1608 555 1675 bio
594 1604 672 1671 dicit
707 1602 997 1676 firmamentum,
1034 1596 1182 1679 quoniam
1220 1601 1253 1661 et
1288 1596 1394 1663 Dauid
1417 1622 1444 1660 ιο

252 1724 314 1789 ait:
340 1720 437 1787 caeli
462 1716 639 1784 enarrant
663 1708 823 1796 gloriam
843 1706 912 1783 dei,
933 1708 970 1769 et
988 1723 1100 1786 opera
1117 1722 1294 1769 manuum
1313 1704 1395 1769 eius

251 1829 453 1896 adnuntiat
470 1821 762 1895 firmamentum,
776 1814 838 1879 hoc
853 1818 921 1881 est:
936 1811 1047 1876 mundi
1062 1830 1153 1895 opus,
1169 1830 1243 1877 curn
1258 1811 1395 1889 uidetur,

252 1958 346 2005 suum
368 1934 479 2000 laudat
503 1931 680 2005 auctorem3
703 1920 877 1989 inuisibilis
902 1920 985 1984 enim
1008 1918 1159 1985 maiestas
1183 1920 1253 1983 eius
1282 1939 1338 2003 per
1361 1939 1397 1983 ea

252 2062 331 2127 quae
363 2040 513 2105 uidentur
544 2031 736 2119 agnoscitur.
770 2031 803 2093 et
834 2026 962 2091 uidetur
988 2026 1067 2090 mihi
1094 2045 1209 2091 nomen
1237 2028 1396 2093 caelorum

252 2166 419 2217 commune
452 2164 533 2221 esse,
566 2140 641 2223 quia
671 2136 827 2221 plurimos
860 2133 965 2199 caelos
1001 2133 1159 2216 scriptura
1193 2132 1394 2213 testificatur,
1417 2154 1445 2195 ιε

251 2274 365 2323 nomon
399 2256 506 2318 autem
537 2266 607 2313 esse
640 2243 776 2329 speciale
809 2241 1053 2317 firmamentum,
1086 2239 1245 2323 siquidem
1275 2244 1307 2305 et
1343 2242 1394 2306 hic

253 2366 299 2429 ita
320 2361 435 2427 habet:
460 2360 498 2421 et
520 2351 678 2419 uocauit
700 2349 980 2415 firmamentum
1003 2346 1161 2424 caelum,
1185 2348 1222 2410 ut
1248 2345 1396 2411 uideatur
1463 2356 1486 2408 B

254 2488 350 2554 supra
364 2462 554 2551 generaliter
570 2458 687 2523 dixisse
700 2456 733 2521 in
747 2452 902 2537 principio
922 2452 1046 2517 caelum
1063 2451 1195 2530 factum,
1214 2455 1252 2517 ut
1271 2472 1395 2519 omnem

253 2575 400 2644 caelestis
416 2573 576 2636 creaturae
589 2564 741 2631 fabricam
756 2558 1032 2645 conprehenderet,
1046 2558 1099 2623 bic
1109 2562 1216 2624 autem
1226 2560 1396 2643 specialem

253 2678 442 2750 firmamenti
460 2676 556 2741 huius
572 2670 734 2737 exterioris
750 2666 954 2742 soliditatem,
970 2664 1055 2747 quod
1069 2665 1186 2730 dicitur
1200 2667 1281 2730 caeli
1295 2666 1397 2731 firma·
1416 2690 1447 2730 ro
1561 2643 1562 2696 3

253 2792 407 2863 mentum,
427 2785 512 2850 siout
530 2779 667 2864 legimus
686 2776 718 2840 in
742 2776 858 2857 hymno
881 2773 1086 2855 prophetico:
1110 2772 1337 2838 benedictus
1361 2791 1397 2836 es

254 2900 291 2963 in
323 2892 562 2961 firmamento
596 2884 704 2950 caeli.
738 2900 811 2945 nam
844 2879 977 2955 caelum,
1012 2878 1095 2960 quod
1128 2874 1257 2962 οὐρανός
1289 2898 1399 2963 graece

256 3003 383 3079 dicitur,
414 2997 522 3071 latine,
556 2992 632 3076 quia
662 2991 806 3071 inpressa
838 2986 1004 3051 stellarum
1035 2985 1158 3049 lumina
1188 2985 1281 3050 uelut
1308 2986 1400 3069 signa

254 3110 379 3181 habeat,
407 3108 571 3185 tamquam
599 3096 756 3161 caelatum
785 3093 973 3177 appellatur,
1002 3092 1087 3156 sicut
1114 3095 1291 3177 argentum,
1316 3091 1400 3175 quod

255 3215 357 3302 signis
376 3208 589 3277 eminentibus
612 3203 761 3288 refulget,
786 3200 944 3265 caelatum
967 3199 1114 3277 dicimus,
1139 3194 1269 3283 οὐρανὸς
1292 3203 1398 3263 antem
1417 3212 1488 3268 sac

255 3322 316 3388 ἀπὸ
352 3326 404 3383 τοῦ
441 3312 569 3399 ὁρᾶσθαι
604 3311 730 3386 dicitur,
770 3307 854 3393 quod
890 3305 1028 3371 uidetur.
1067 3307 1144 3389 πρὸς
1175 3301 1399 3387 &sarbaram->otu

347 3530 646 3592 11Psa1m.xvn12
713 3527 746 3581 17
766 3524 833 3580 Gen.
855 3524 996 3588 neem
1018 3522 1158 3592 tameo
1177 3521 1211 3588 Α)
1276 3522 1309 3575 21
1330 3520 1399 3575 Dan.

256 3630 282 3693 3,
302 3628 335 3683 56
391 3624 425 3678 22
443 3621 508 3678 Isid.
528 3620 561 3673 de
580 3622 636 3672 nat.
656 3633 705 3673 rer.
727 3615 805 3677 12,2
860 3614 895 3667 23
914 3611 948 3666 of.
968 3610 1163 3665 Reifferscheid
1177 3610 1252 3665 Suet.
1267 3608 1317 3666 rel.
1331 3607 1399 3663 ndu.

255 3734 282 3787 p.
301 3712 393 3769 xvru
419 3718 420 3723 ¹
448 3712 482 3765 aa
501 3710 563 3764 aas.
584 3709 617 3762 72
636 3707 659 3761 e
678 3704 725 3777 (so
742 3705 777 3773 a)

294 3840 306 3893 1
312 3839 382 3907 fort.
392 3836 440 3890 isti
475 3836 491 3889 2
502 3831 652 3888 absumitur
662 3826 686 3880 Il
696 3827 883 3900 (absumantur
893 3822 1016 3893 Germ
1049 3824 1066 3877 3
1077 3820 1241 3878 consumitll
1253 3826 1355 3887 (torae
1365 3820 1401 3892 G)

255 3930 275 3983 4
293 3925 487 3982 diiudicatioue
507 3923 544 3993 (di
564 3938 597 3975 eoo
615 3920 659 3988 dc)
682 3918 760 3972 CGP
778 3915 989 3970 dieiudicatione
1013 3912 1038 3966 V
1133 3913 1164 3967 11
1185 3913 1225 3965 ait
1243 3910 1267 3964 Π
1287 3912 1355 3965 dicit
1372 3909 1405 3963 N

260 4018 292 4071 17
310 4012 529 4071 habeturMSB
600 4010 711 4064 uocauit
729 4007 795 4062 deus
817 4006 898 4061 Gm2
912 4003 978 4057 N²B
1032 4004 1064 4057 21
1083 4020 1163 4072 ‚rrnno
1181 4001 1227 4056 CS
1277 4002 1401 4055 aretas

258 4102 426 4173 Omanae
446 4103 512 4157 iibri
610 4100 644 4153 26
664 4092 951 4165 auouoyopaceal
968 4092 1006 4146 M
1021 4087 1305 4146 amouorracem
1327 4088 1404 4143 CGP

259 4190 549 4250 ΔΙΤΟΤΟΥΡΑΟΘΑΙ
562 4192 600 4255 11;
619 4187 710 4242 maior
728 4184 935 4255 corruptelam
948 4188 995 4237 oct.
1054 4180 1164 4235 uidetur
1176 4178 1215 4232 N⁴
1234 4174 1403 4233 diuiuiturss

258 4283 386 4337 uideatur
404 4286 450 4335 oet.
506 4280 542 4333 al.
562 4271 951 4333 urouauulurncucnun
964 4271 1002 4324 M
1017 4271 1049 4324 iu
1067 4287 1117 4339 mg.
1132 4272 1180 4322 ru2
1196 4255 1402 4323 moranus-

259 4366 497 4424 Dlncuonuan
519 4366 597 4420 CGP
614 4364 762 4419 absimilia
779 4364 838 4431 fero
856 4367 904 4416 oct.
