3142 4967
404 513 551 567 Exameron
571 513 596 567 V
612 514 638 567 4.
658 515 683 576 5,
705 513 809 568 11-13
846 513 870 585 (1
888 514 923 568 83
941 514 1038 569 D-ar
1057 515 1101 583 D).
1258 517 1320 582 149

169 712 228 773 aut
265 707 364 772 bones
402 727 438 772 er
474 727 536 772 una
569 711 656 791 parte
690 708 800 772 dentes
832 709 961 785 habent,
995 710 1051 774 sed
1082 729 1155 794 pars
1186 713 1321 792 utraque

168 818 293 880 armata
322 817 371 880 est
398 814 557 892 dentibus,
587 815 661 896 qnia
688 815 720 880 in
745 835 827 897 aqna
850 819 925 880 sunt
948 819 990 890 et,
1014 817 1042 881 si
1065 817 1187 882 diutius
1211 817 1365 882 cibumB

169 925 336 986 uersarent
368 925 400 985 et
432 941 492 986 non
525 922 588 988 aito
621 923 883 1001 transmitterent,
912 942 1065 1005 aquarum
1093 923 1255 988 allusione
1284 922 1321 988 de

170 1027 322 1094 dentibus
352 1047 460 1094 eornm
489 1047 561 1093 esca
589 1033 699 1113 posset
727 1029 844 1094 auferri
871 1048 906 1093 aa
936 1028 1026 1094 dilui.
1055 1029 1126 1094 ideo
1151 1029 1266 1094 densos
1290 1032 1324 1093 et

131 1139 284 1200 sanutus
312 1135 441 1213 habent,
471 1138 507 1200 ut
535 1136 599 1200 cito
628 1135 778 1211 incidant,
804 1136 868 1200 aito
892 1135 1063 1200 conficiant
1086 1136 1203 1214 cibum,
1226 1135 1321 1200 facile

169 1245 204 1307 et
237 1241 305 1306 sine
339 1242 446 1325 aliqua
477 1262 564 1308 mora
598 1245 629 1306 et
662 1242 813 1307 ditatione
840 1243 1067 1307 transmittant.
1096 1242 1231 1325 denique
1259 1261 1321 1308 nen

168 1351 345 1427 ruminant,
374 1350 462 1414 selus
490 1353 595 1414 tamen
625 1367 734 1414 scarus
757 1349 789 1412 in
813 1348 863 1413 his
887 1349 1045 1412 ruminare
1067 1349 1261 1432 perhibetur,
1285 1352 1323 1414 ut

168 1460 280 1523 ferunt
300 1457 415 1541 quibus
435 1459 492 1520 aut
510 1459 643 1521 euentus
664 1459 719 1520 aut
737 1475 816 1520 usus
835 1455 898 1520 fuit
917 1459 974 1520 ant
992 1456 1134 1521 studium
1153 1456 1231 1521 talia
1249 1475 1321 1521 eon·

72 1567 116 1631 13
168 1565 377 1648 prehendere.
402 1583 476 1628 sane
499 1582 558 1628 nee
580 1563 642 1646 ipsi
667 1583 684 1627 a
708 1563 775 1627 suis
800 1563 960 1646 potentiae
984 1581 1112 1628 euasere
1136 1562 1321 1629 uiolentiam
1344 1574 1366 1630 c

117 1694 147 1734 ιο
170 1675 205 1737 et
224 1670 377 1735 auaritiae
395 1670 555 1754 potiorum
575 1669 712 1734 subiecti
731 1669 849 1751 ubique
867 1669 1030 1734 inferiores
1050 1673 1134 1734 sunt.
1155 1689 1217 1752 qun
1237 1671 1322 1752 quis-

169 1799 234 1863 que
262 1777 425 1852 infirmior,
455 1796 491 1842 eo
519 1777 645 1858 (plns)
675 1776 808 1859 praedae
836 1778 934 1859 patet.
963 1779 995 1840 et
1022 1777 1166 1859 plerique
1194 1777 1322 1859 quidam

169 1886 280 1950 herbis
317 1889 493 1967 pascuntur
533 1903 569 1948 au
611 1883 744 1948 minutis
786 1883 965 1959 nennibns;
1005 1887 1080 1948 sunt
1120 1889 1225 1949 tamen
1267 1884 1322 1966 qui

168 1993 312 2058 inuicem
336 2011 369 2056 se
393 1991 546 2056 deuorent
569 1993 601 2054 et
625 2009 683 2054 sua
706 2010 798 2055 earne
821 1993 1001 2074 pascantur.
1024 1991 1128 2055 minor
1145 1990 1229 2074 apud
1246 1991 1320 2055 illos

170 2103 224 2164 est
251 2117 322 2164 esea
350 2098 489 2176 maioris
521 2101 554 2163 et
579 2117 690 2163 rursus
719 2098 788 2180 ipse
815 2096 917 2162 maior
940 2116 958 2160 a
981 2096 1136 2162 ualidiore
1159 2097 1323 2162 inuaditur

118 2225 148 2268 ns
170 2210 205 2271 et
238 2205 275 2270 fit
307 2224 379 2270 esea
411 2204 540 2270 alterius
573 2204 740 2287 praedator
771 2204 874 2269 alieni.
907 2204 1015 2286 itaque
1049 2224 1109 2268 usu
1142 2205 1241 2282 uenit,
1274 2208 1321 2280 nt,

171 2333 247 2377 crim
275 2313 344 2394 ipse
373 2311 469 2376 alium
500 2310 710 2389 deruerunt,
740 2312 777 2378 ab
807 2311 868 2375 alio
897 2311 1069 2375 deuoretur
1095 2315 1127 2376 et
1157 2312 1190 2376 in
1223 2332 1321 2376 unum

171 2421 319 2485 uentrem
343 2421 475 2502 uterque
500 2419 689 2483 conueniant
708 2437 781 2483 eum
800 2419 985 2484 deuorature
1003 2419 1129 2501 proprio
1150 2418 1321 2484 deuoratus
1340 2429 1365 2482 b

172 2529 281 2610 sitque
305 2527 401 2592 simul
424 2527 455 2590 in
480 2547 542 2590 uno
566 2526 688 2590 uiscera
712 2525 845 2609 praedae
869 2525 1091 2608 uindictaeque
1116 2525 1321 2590 consortium.

172 2640 207 2699 et
238 2633 318 2716 ipsis
351 2636 463 2716 sponte
495 2633 576 2696 sorte
609 2632 687 2696 haee
720 2631 863 2696 adcreuit
893 2631 1017 2709 iniuria,
1050 2631 1136 2695 sieut
1166 2631 1198 2694 in
1230 2631 1321 2696 nobis

116 2765 149 2806 ao
171 2761 236 2806 non
270 2761 305 2806 ex
338 2744 449 2805 natura
481 2739 596 2822 eoepit,
628 2739 685 2804 sed
717 2759 752 2803 ex
785 2739 927 2816 auaritia,
961 2741 1017 2803 aut
1049 2738 1123 2822 quia
1155 2736 1194 2802 ad
1226 2757 1321 2802 usum

172 2848 341 2912 hominum
370 2847 435 2911 dati
464 2850 548 2924 sunt,
575 2847 608 2910 in
636 2845 764 2930 signnm
794 2865 919 2929 quoque
948 2846 1024 2911 faeti
1047 2849 1131 2923 sunt,
1156 2849 1194 2909 nt
1215 2844 1247 2909 in
1270 2845 1321 2910 his

170 2957 354 3020 nostrorum
382 2973 508 3017 morum
537 2953 617 3017 uitia
639 2953 820 3017 uideremus
845 2956 878 3018 et
901 2971 1084 3016 caneremus
1109 2952 1259 3034 exempla,
1284 2970 1323 3016 ne

170 3061 246 3144 quis
288 3061 392 3142 potior
427 3059 607 3124 inferiorem
644 3059 809 3124 inuaderet
845 3058 976 3124 daturus
1013 3059 1045 3122 in
1083 3077 1117 3123 se
1154 3056 1324 3142 potentiori

170 3169 354 3252 exemplum
387 3167 529 3232 iniuriae.
562 3167 670 3249 itaque
705 3165 759 3248 qui
792 3167 928 3231 alterum
955 3165 1054 3231 laedit
1082 3165 1143 3229 sibi
1171 3167 1322 3248 laqueum

116 3297 148 3338 as
169 3279 273 3358 parat,
297 3275 329 3338 in
354 3293 449 3356 quem
471 3273 540 3356 ipse
564 3259 692 3338 ineidat.

265 3501 297 3555 ll
317 3500 380 3554 Bas.
402 3501 454 3555 152
474 3497 494 3554 C
514 3499 560 3566 (65
579 3498 613 3570 A)

210 3625 223 3678 l
249 3640 298 3694 par
320 3623 393 3694 (pars
413 3624 490 3678 Pma
508 3628 533 3677 et
552 3623 587 3690 G)
613 3627 726 3692 utraque
746 3621 770 3674 Π
796 3629 909 3693 utraque
933 3640 995 3692 pars
1014 3623 1047 3676 N
1147 3625 1163 3676 2
1188 3622 1281 3692 quiin
1302 3621 1325 3675 0

167 3715 189 3770 3
209 3713 243 3767 de
261 3715 293 3766 ἐπ
310 3730 362 3782 my.
381 3716 429 3767 m2
447 3710 476 3773 S,
496 3728 546 3766 om.
566 3711 661 3769 ttM¹B
772 3713 790 3766 4
809 3713 896 3782 possit
914 3711 938 3764 11
962 3713 1016 3782 (-et
1034 3715 1081 3764 m2
1101 3710 1138 3778 G)
1256 3710 1321 3764 den-

167 3821 217 3858 sos
247 3807 273 3868 (ο
302 3807 388 3868 eun)
416 3801 622 3856 machao
740 3801 936 3856 SaliaOet
965 3801 1059 3854 Gml
1086 3799 1322 3854 Ptalia0m3

170 3891 201 3948 G
221 3896 269 3946 m2
396 3891 508 3961 uptus
536 3891 643 3955 addidi,
670 3892 757 3960 magis
778 3896 844 3958 poet
868 3889 984 3960 praedae
1011 3891 1051 3944 ed.
1077 3889 1171 3942 Puris.
1198 3905 1225 3942 α.
1249 3891 1324 3942 1661

208 3977 636 4050 maiori(s.u.m2ppraedaeb1
688 3979 720 4033 13
736 3977 906 4033 deuorantV
975 3975 1162 4048 pasenntnrss
1214 3977 1246 4030 14
1261 3993 1323 4030 esea

166 4069 282 4124 maioris
306 4069 414 4137 (maiori
431 4068 469 4132 Β)
494 4071 536 4121 est
560 4071 621 4136 (om.
647 4069 683 4135 et)
703 4067 736 4121 N
851 4084 867 4121 a
888 4066 975 4122 Gmss
992 4082 1044 4119 om.
1066 4065 1126 4129 CV,
1144 4066 1176 4119 in
1193 4066 1221 4119 P
1237 4066 1323 4119 unius

168 4159 225 4213 litt.
249 4173 306 4212 ras,
330 4163 368 4212 eat
461 4159 491 4211 17
517 4157 681 4210 conueniunt
703 4156 762 4210 MS
783 4156 928 4210 conueniat
950 4155 1011 4211 Atr.
1038 4155 1123 4208 Cara.
1145 4155 1214 4209 Diu.
1238 4154 1321 4209 Uenu.

209 4249 335 4302 uorutore
353 4247 384 4300 N
441 4245 473 4300 18
493 4247 583 4315 sitque
601 4243 660 4299 MS
677 4246 714 4299 sit
732 4245 816 4314 fitque
835 4243 859 4296 ll
878 4245 963 4314 fitque
980 4244 1047 4299 N‘B
1108 4245 1141 4298 la
1159 4245 1213 4313 ipsi
1231 4243 1256 4297 ss
1275 4245 1322 4311 (-is

166 4341 220 4392 m2
241 4335 277 4404 G)
347 4336 382 4390 20
401 4339 449 4389 ant
470 4333 492 4388 0
510 4339 590 4402 (urse
610 4337 637 4401 n)
711 4334 876 4388 astaturos
898 4333 1070 4404 G(·usm3)
1142 4334 1177 4386 24
1195 4333 1325 4388 laedite

169 4425 194 4492 (l
214 4441 248 4478 ex
267 4423 294 4491 d)
