3142 4967
233 449 297 512 154
705 444 905 498 Ambrosii

230 639 372 704 incultus
410 641 476 702 est:
514 638 611 702 semel
648 637 778 718 placuit.
821 637 977 719 numquid
1018 636 1069 700 uir·
1108 637 1289 720 frequenter
1330 641 1380 702 est

232 745 422 830 eligendus?
452 763 629 826 comparem
659 763 753 808 suum
782 748 815 807 et
841 744 899 808 bos
927 743 1062 825 requirit
1088 747 1121 808 et
1148 763 1251 827 equuus
1274 744 1381 828 diligit

232 856 274 930 et,
307 851 335 916 si
366 855 509 917 mutetur
540 851 633 928 alius,
665 854 771 916 tamen
804 850 928 914 trahere
964 850 1077 933 iugum
1114 851 1217 915 nescit
1253 869 1381 935 compar

232 959 362 1024 alterius
395 962 428 1023 et
455 977 489 1023 se
516 977 578 1023 non
606 960 711 1022 totum
739 959 850 1040 putat:
879 961 915 1021 tu
941 957 1082 1040 iugalem
1110 957 1259 1040 repudias
1286 964 1380 1026 tuum

233 1069 265 1131 et
301 1069 395 1148 putas
433 1084 526 1148 saepe
558 1064 745 1130 mutandum
779 1066 820 1139 et,
854 1064 882 1128 si
913 1084 976 1128 uno
1010 1063 1147 1129 deluerit
1178 1064 1240 1143 die,
1273 1085 1380 1148 super·
1410 1091 1424 1130 a

232 1173 322 1238 ducis
354 1173 487 1238 riualem
521 1174 553 1236 et
587 1171 696 1236 statim
727 1170 890 1254 incognita
922 1189 1019 1235 causa
1051 1171 1143 1252 quasi
1175 1171 1304 1256 cognite
1334 1173 1380 1236 in-

231 1281 345 1344 iuriam
369 1279 500 1361 pudoris
525 1278 715 1361 exsequeris.
739 1278 848 1359 uipera
871 1276 1035 1342 absentem
1053 1277 1197 1360 requirit.
1216 1280 1381 1345 absentem
1444 1287 1517 1342 87A

233 1389 328 1451 uocat
356 1389 389 1450 et
416 1384 530 1449 blando
559 1385 734 1467 proclamat
762 1383 856 1447 sibilo
885 1385 991 1465 atque,
1019 1383 1075 1449 nbi
1102 1383 1274 1450 aduentare
1298 1404 1381 1450 com·

233 1512 340 1576 parem
364 1491 508 1564 senserit,
532 1509 689 1555 uenenum
715 1490 836 1554 euomit
857 1489 1068 1554 reuerentiam
1092 1490 1204 1556 marito
1229 1491 1381 1571 deferens,

233 1599 447 1664 uerecundata
474 1598 649 1680 nuptialem
677 1597 831 1680 gratiam:
860 1599 908 1672 tu,
937 1596 1061 1675 mulier,
1090 1597 1311 1664 aduenientem
1344 1599 1382 1664 de
1400 1624 1426 1662 lo

233 1707 406 1790 longinquo
444 1704 593 1769 maritum
631 1704 831 1770 contumeliis
868 1705 1007 1787 repellis.
1044 1704 1155 1787 uipera
1191 1724 1277 1770 mare
1313 1725 1382 1788 pro-

236 1815 368 1896 spectat,
394 1811 534 1893 explorat
557 1811 617 1875 iter
640 1811 805 1896 coniugis:
829 1815 865 1875 tu
889 1811 1013 1876 iniuriis
1036 1811 1123 1876 niam
1142 1812 1211 1876 uiro
1232 1813 1382 1890 obstruis,

236 1923 272 1984 tu
299 1919 407 1982 litium
434 1936 545 1982 moues
574 1937 706 1995 uenena,
735 1937 795 1983 non
824 1918 930 1995 reicis,
958 1921 994 1983 tu
1019 1918 1196 2002 coniugalis
1220 1922 1383 2002 amplexus

235 2029 378 2107 tempore
413 2023 516 2088 dimm
554 2023 641 2088 uirus
679 2029 845 2090 exaestuas
882 2044 940 2089 nec
972 2026 1134 2090 erubescis
1166 2026 1296 2107 nuptias
1326 2044 1383 2090 nec

235 2131 388 2196 reuereris
412 2130 571 2196 maritum.
1402 2153 1429 2192 ιε

194 2249 235 2312 19
282 2237 344 2304 Sed
382 2235 477 2301 etiam
514 2240 561 2314 tu,
593 2237 643 2302 uir
675 2275 717 2283 —
750 2256 924 2318 possumus
957 2239 1053 2304 etiam
1087 2239 1134 2304 sic
1166 2239 1308 2323 accipere
1339 2277 1383 2286 -
1445 2249 1473 2304 B

238 2346 358 2428 depone
381 2347 539 2408 tumorem
565 2343 679 2419 cordis,
705 2345 909 2426 asperitatem
932 2365 1068 2423 morum,
1093 2365 1166 2410 cum
1188 2346 1249 2410 tibi
1272 2345 1384 2410 sedula

237 2470 315 2516 uxor
339 2451 485 2529 occurrit,
510 2450 651 2534 propelle
674 2449 936 2535 indignationem.
962 2470 1035 2515 cum
1057 2451 1174 2516 blanda
1191 2453 1327 2517 coniunx
1345 2451 1385 2515 ad

238 2559 402 2624 caritatem
443 2561 606 2640 prouocat.
649 2576 710 2621 non
753 2576 786 2621 es
830 2556 988 2636 dominus,
1030 2558 1087 2624 sed
1132 2559 1277 2636 maritus,
1324 2579 1385 2624 non

238 2665 384 2730 ancillam
422 2665 555 2729 sortitus
594 2683 637 2738 es,
677 2663 732 2728 sed
770 2683 909 2730 uxorem.
943 2666 1186 2748 gubernatorem
1217 2671 1249 2730 te
1281 2667 1387 2731 uoluit
1403 2689 1432 2726 ao

238 2771 315 2837 deus
349 2791 418 2836 esse
451 2791 544 2835 sexus
576 2771 744 2848 inferioris,
777 2791 839 2836 non
871 2776 1119 2855 praepotentem.
1151 2773 1247 2838 redde
1279 2772 1385 2837 studio

237 2879 351 2954 uicem,
384 2878 478 2942 redde
511 2879 610 2942 amori
642 2881 788 2962 gratiam.
821 2879 932 2960 uipera
963 2897 1120 2944 uenenum
1149 2899 1244 2944 suum
1266 2878 1385 2943 fundit:

238 2987 274 3047 tu
298 3002 358 3046 non
383 2985 474 3064 potes
500 2982 649 3047 duritiam
673 2983 790 3048 mentis
815 2983 997 3065 deponere?
1019 2985 1074 3048 sed
1093 2984 1191 3050 habes
1210 2986 1386 3049 naturalem
1453 3000 1476 3055 c

238 3090 392 3173 rigorem:
427 3089 522 3154 debes
555 3093 731 3170 temperare
764 3108 837 3153 eum
875 3091 1140 3174 contemplatione
1178 3091 1319 3175 coniugii
1355 3095 1389 3155 et

238 3195 415 3260 reuerentia
448 3194 680 3260 coniunctionis
714 3196 852 3278 deponas
886 3197 983 3261 animi
1014 3197 1184 3264 feritatem.
1215 3201 1323 3282 potest
1354 3201 1388 3261 et
1405 3219 1434 3258 aa

239 3301 304 3364 sic:
343 3300 441 3365 nolite
479 3319 637 3382 quaerere,
675 3301 745 3380 uiri,
785 3302 925 3366 alienum
961 3306 1077 3381 torum,
1114 3303 1212 3368 nolite
1244 3303 1387 3368 insidiari

332 3552 363 3606 16
383 3550 446 3604 Bas.
468 3551 519 3605 160
539 3549 585 3605 OD
606 3551 651 3615 (68
671 3550 703 3617 C)

276 3729 293 3779 4
311 3729 401 3780 tutum
421 3730 468 3780 m2
487 3727 535 3782 Pe*
613 3729 629 3782 5
650 3726 807 3796 superducis
825 3725 939 3780 riualem
958 3725 1011 3778 ΗΒ
1030 3730 1158 3797 suspecta
1175 3727 1287 3782 riualem
1307 3745 1335 3781 es
1353 3727 1391 3781 M

240 3819 279 3884 (es
299 3833 332 3870 ea·
351 3819 404 3883 est)
424 3815 447 3870 S
464 3817 610 3886 suspicaris
631 3817 721 3882 (icaria
740 3821 788 3870 m?
805 3817 837 3869 in
849 3831 907 3869 raa.
924 3815 1019 3885 elia.)
1033 3815 1147 3869 riualem
1159 3817 1194 3881 (ri
1205 3833 1228 3869 a.
1242 3833 1270 3870 a.
1282 3819 1339 3883 m2r
1354 3817 1388 3872 W

241 3903 387 3974 disceptari
407 3905 532 3959 uolumus
551 3905 618 3962 2ΙΜ’
683 3904 829 3974 dpudorle
849 3905 1002 3973 exsequeris
1021 3905 1146 3958 iniuriam
1162 3903 1196 3958 N
1255 3906 1288 3959 13
1305 3921 1389 3958 nene·

241 4009 304 4046 num
323 3993 400 4049 dl'M‘
459 3995 491 4048 16
511 3995 593 4048 etiam
612 3993 637 4046 Π
657 3995 727 4047 enlm
747 3995 829 4048 etlam
847 3992 881 4046 N
933 3993 966 4047 18
985 3995 1099 4046 coniunx
1116 3993 1206 4047 Bm.
1229 3993 1297 4048 Tell.
1315 3999 1341 4046 el
1359 3997 1389 4058 (n

241 4098 261 4134 a.
281 4087 320 4144 u.)
339 4082 408 4136 Diu.
429 4083 525 4136 coniux
544 4089 590 4136 cet.
634 4083 669 4136 20
688 4083 777 4136 uoluit
796 4081 862 4136 deus
880 4082 959 4136 CGP
976 4081 1042 4135 deus
1061 4082 1151 4135 uoluit
1169 4088 1216 4136 cet.
1259 4084 1295 4136 22
1313 4099 1387 4136 amo·

240 4170 276 4223 ris
297 4169 323 4224 G
388 4173 422 4225 24
441 4175 469 4224 et
487 4189 538 4225 om.
556 4171 589 4224 N
647 4173 681 4226 25
702 4171 821 4240 deponas
839 4171 939 4239 aenpsa‘
957 4171 1076 4239 deponat
1094 4169 1147 4223 ΠΒ
1166 4170 1284 4240 deponet
1303 4171 1387 4226 Cara.

241 4257 374 4326 deponere
396 4259 569 4314 Cenomanos
587 4260 802 4326 Martanum,-
824 4259 944 4330 deponas
967 4259 1049 4314 animi
1067 4258 1204 4314 feritatem
1223 4275 1276 4312 om.
1294 4257 1390 4312 N‘MS

276 4351 369 4414 potest
388 4349 472 4400 etsie
491 4365 542 4401 ora.
563 4345 586 4400 ss
