3142 4967
248 442 309 506 150
421 475 425 482 -
713 438 910 494 Ambrosii

194 632 234 696 14
288 635 330 698 Et
357 638 393 699 tu
421 635 518 718 piscis
547 654 591 712 es,
620 636 674 716 qui
703 634 827 700 uiscera
853 633 978 699 inuadis
1008 635 1120 712 atiena,
1149 635 1204 718 qui
1232 635 1388 720 demergis
1453 639 1482 694 Ε

243 741 413 819 infirmum,
457 741 509 824 qui
547 741 709 806 cedentem
746 741 944 824 persequeris
981 761 1083 823 usque
1119 742 1151 806 in
1187 741 1389 826 profundum.

245 867 322 913 cauo
354 867 393 912 ne
426 847 501 912 dum
534 847 627 915 iilum
659 849 869 931 persequeris
897 848 1019 914 incidas
1046 849 1115 930 ipse
1143 849 1330 913 rrulidiorem
1357 852 1390 913 et

246 954 381 1019 deducat
408 959 439 1019 te
466 955 498 1019 in
527 944 645 1018 aiienns
673 955 805 1019 insidias
835 956 889 1036 qui
917 958 989 1019 tuas
1018 956 1100 1019 uitat
1125 956 1277 1038 priusque
1301 958 1390 1019 tuam

247 1064 369 1144 spectet
396 1079 579 1126 aerumnam
607 1061 661 1143 qui
689 1065 720 1125 ta
743 1065 951 1144 persequente
974 1061 1132 1145 propriam
1155 1061 1387 1126 reformidabat.
1423 1086 1438 1125 s

246 1167 322 1250 qnid
348 1168 481 1232 interest
507 1168 589 1231 inter
617 1166 750 1232 diuitem
778 1169 928 1252 inprobae
958 1169 1142 1250 cupiditatis
1169 1168 1315 1252 ingluuie
1338 1169 1390 1233 ab·

247 1275 425 1339 sorbentem
448 1273 643 1338 infirmorum
667 1273 856 1358 patrimonia
876 1278 908 1339 et
926 1274 1061 1339 silumm
1080 1276 1235 1340 minorum
1254 1276 1392 1358 piscium

246 1381 424 1446 uisceribus
454 1381 563 1445 aluum
589 1382 773 1462 repletum?
803 1380 970 1447 defunctus
998 1385 1049 1447 est
1076 1383 1165 1446 diues
1195 1385 1227 1446 et
1254 1383 1334 1446 nibil
1362 1382 1390 1447 ei
1456 1387 1483 1441 P

247 1507 305 1552 sua
336 1486 439 1570 spolia
469 1486 664 1569 profuerunt,
694 1487 792 1552 immo
820 1489 923 1572 magis
952 1508 1025 1552 eum
1052 1489 1234 1571 rapinarum
1261 1509 1391 1554 suarum

247 1593 514 1658 detestabiliorem
547 1594 623 1658 fecit
654 1593 793 1658 infamia.
828 1599 940 1676 captus
972 1598 1022 1659 est
1054 1595 1172 1660 silurus
1206 1599 1238 1660 et
1269 1596 1390 1661 inutilis
1413 1621 1439 1658 ιο

246 1699 362 1783 praeda
390 1700 514 1764 detecta
540 1704 600 1782 est.
631 1685 741 1783 q'uanti
768 1701 799 1765 iu
829 1720 864 1766 eo
893 1703 1126 1785 repperiuntur,
1155 1703 1209 1785 qui
1237 1704 1317 1768 alios
1341 1705 1391 1768 de-

247 1809 454 1871 uorauerant!
489 1809 520 1871 et
551 1811 587 1871 tu
617 1807 706 1872 diues
735 1807 833 1873 babes
861 1809 894 1872 in
923 1809 996 1873 sinu
1024 1812 1079 1873 tuo
1109 1810 1238 1874 alterius
1266 1811 1393 1892 praeda·

247 1917 357 1978 torem.
390 1914 444 1976 ille
477 1913 613 1978 babebat
645 1915 815 1979 facultates
847 1916 1006 1998 pauperis,
1040 1935 1118 1998 quas
1149 1917 1328 1982 inuaserat:
1357 1921 1391 1981 tu

131 2053 134 2058 ·
249 2039 321 2084 eum
350 2020 530 2104 opprimens
559 2020 620 2084 duo
650 2020 839 2102 patrimonia
866 2022 931 2086 tuis
955 2022 1163 2087 facultatibus
1187 2023 1338 2088 addidisti
1362 2027 1394 2087 et

248 2126 349 2190 adhuc
378 2129 466 2190 tanto
495 2145 556 2190 uon
586 2126 710 2191 satiaris
740 2131 909 2211 augmento
940 2133 972 2192 ot
1001 2129 1080 2193 dicis
1109 2129 1194 2212 quod
1222 2130 1301 2195 aiios
1324 2131 1441 2195 uin-1⁵

248 2232 413 2309 dicamus,
457 2251 529 2296 cunr
572 2233 679 2298 eadem
724 2236 905 2299 committas
945 2254 1025 2318 quae
1063 2237 1237 2314 ulcisceris,
1272 2237 1393 2302 iniusto

247 2339 398 2403 iniustior
430 2343 461 2404 et
493 2339 601 2422 iniquo
629 2341 766 2422 iniquior
795 2347 827 2404 et
855 2361 950 2407 auaro
978 2342 1111 2409 auarior.
1140 2343 1214 2408 uide
1242 2363 1281 2408 ne
1308 2343 1393 2408 idem

248 2451 280 2510 te
310 2446 364 2527 qui
391 2446 513 2528 piscem
541 2447 633 2511 illum
656 2446 727 2513 finis
751 2448 912 2527 inueniat;
937 2468 1043 2513 amum
1068 2469 1144 2513 caue
1169 2453 1201 2514 et
1223 2451 1312 2514 retia.
1338 2449 1394 2515 sed

248 2553 424 2635 praesumis
453 2554 490 2618 de
519 2554 661 2638 potentia
686 2555 769 2636 quod
794 2574 885 2620 nemo
907 2555 969 2619 tibi
991 2556 1095 2639 possit
1117 2557 1283 2622 resistere:
1308 2575 1394 2640 prae·
1461 2571 1533 2626 sss

250 2660 396 2724 sumebat
433 2663 465 2725 et
501 2661 619 2726 silurus
657 2661 742 2744 quod
779 2681 885 2726 amum
922 2681 1013 2727 nemo
1048 2662 1109 2728 sibi
1140 2663 1268 2741 iaceret,
1302 2683 1393 2729 nemo
1413 2689 1444 2729 ro

249 2764 392 2830 tenderet
428 2768 517 2846 retia,
557 2772 597 2846 et,
638 2768 665 2833 si
699 2767 874 2846 incidisset,
911 2769 1062 2834 uniuersa
1097 2769 1327 2854 disrumperet:
1364 2775 1397 2834 et

249 2876 355 2936 tamen
373 2873 531 2938 fuscinam
550 2894 612 2939 non
632 2875 736 2938 euasit
754 2878 811 2938 aut
825 2894 922 2940 uenus
938 2875 1061 2940 uinculi
1074 2875 1238 2941 calidioris
1252 2876 1396 2955 incurrit,

250 2977 367 3059 quibus
392 3000 425 3043 se
449 3000 509 3044 non
533 2984 642 3063 posset
665 3001 785 3046 eruere.
807 2982 873 3046 siue
893 2982 989 3046 dubio
1010 2985 1041 3046 et
1059 2982 1225 3047 hominum
1243 2983 1396 3065 iniquitas

251 3103 313 3166 quo
338 3085 484 3168 grauiora
507 3087 710 3165 commiserit,
736 3106 772 3151 eo
797 3087 899 3171 magis
924 3087 1042 3152 scelere
1065 3107 1123 3152 suo
1147 3090 1218 3151 tuta
1241 3107 1312 3153 esse
1335 3107 1395 3152 nou

251 3189 377 3272 poterit,
412 3191 487 3272 quin
521 3191 689 3274 aliquando
724 3193 882 3259 dissoluat
913 3184 1004 3277 quod
1024 3214 1081 3276 pro
1111 3195 1267 3258 scelerum
1293 3195 1396 3276 pretio
1414 3221 1444 3262 rs

149 3299 376 3394 6315coustat
400 3295 529 3361 difficile
549 3317 643 3380 posse
661 3300 766 3367 uitari.
791 3301 890 3385 piscis
909 3320 983 3384 ergo
1003 3319 1047 3379 es,
1068 3321 1085 3364 o
1105 3301 1209 3366 bomo.
1229 3301 1304 3364 audi
1322 3300 1397 3383 quia
1460 3321 1487 3374 B

343 3538 355 3591 1
375 3540 438 3594 nas.
461 3541 511 3596 152
532 3541 564 3606 n,
586 3543 636 3597 153
655 3542 679 3595 A
698 3545 744 3608 <cn
763 3543 822 3610 ns)

288 3716 304 3768 3
323 3716 427 3785 ipsein
446 3718 508 3771 Atr.
529 3719 568 3783 (in
587 3735 608 3773 s.
627 3721 667 3786 rr.)
690 3717 774 3772 (iarn.
794 3718 863 3772 Diu.
887 3719 970 3776 Uind.
1073 3723 1172 3776 dtuas
1193 3722 1217 3775 0
1235 3727 1261 3789 (a
1279 3723 1312 3776 in
1327 3725 1398 3789 raa.)

253 3803 268 3856 5
288 3807 394 3873 spectet
409 3805 432 3858 G
447 3809 495 3858 m2
508 3803 567 3859 MS
584 3809 708 3874 expectat
725 3805 802 3860 (imi
821 3811 945 3876 expectet
964 3814 1011 3862 cet.
1070 3814 1248 3881 persequente
1266 3811 1324 3866 GV
1337 3827 1398 3882 per·

254 3895 409 3960 sequentem
429 3898 476 3947 oct.
556 3893 624 3947 ide
643 3895 775 3948 minorum
796 3895 833 3950 N‘
908 3898 942 3951 10
961 3896 1191 3953 detestabiliorem
1212 3899 1279 3966 O(e
1300 3901 1349 3954 ait.
1367 3901 1400 3952 r'n

253 3983 320 4048 raa.)
370 3982 399 4034 ll
423 3981 796 4039 commendatissimi.
845 3986 879 4038 14
898 3984 1035 4039 addistiss
1056 3991 1135 4052 (corr.
1154 3990 1202 4040 m2
1218 3987 1253 4055 G)
1302 3987 1334 4041 18
1348 3988 1396 4040 ba·

253 4085 325 4122 munr
347 4069 532 4126 Gne2finr2
545 4069 604 4124 MS
675 4089 740 4124 caue
761 4076 788 4125 ct
807 4071 831 4125 II
851 4090 916 4128 caue
936 4074 1051 4128 caueN
1103 4075 1137 4129 20
1156 4076 1401 4131 bamumSetm2

257 4158 344 4214 Germ
449 4160 502 4213 sibi
520 4177 599 4214 nemo
624 4161 753 4216 VBrux.
862 4165 894 4217 21
917 4163 1097 4234 disrumperet
1118 4164 1145 4217 V
1161 4165 1327 4236 dimmperet
1343 4163 1401 4219 MS

255 4247 289 4301 25
308 4248 386 4315 quien
408 4247 430 4300 0
514 4249 547 4302 26
566 4249 653 4318 possit
675 4249 738 4304 Cet
759 4253 923 4322 (possenti)
945 4252 970 4306 G
989 4257 1081 4323 posset
1099 4253 1157 4306 PV
1225 4253 1331 4322 quiesi
1352 4252 1401 4305 GP

256 4342 281 4389 ct
301 4335 335 4400 (si
354 4335 404 4389 det.
424 4339 481 4408 nrt’)
503 4338 529 4392 G
