3142 4967
252 459 317 520 362
721 455 920 508 Ambrosii

252 669 285 714 se
314 669 444 713 suorum
473 650 626 714 bonomia
655 652 800 714 auctores
825 648 948 714 ducere.
977 650 1107 714 tertium
1131 669 1232 734 genus
1257 654 1307 716 est
1329 669 1399 734 pec-

252 757 315 820 cati
338 757 466 839 quidem
489 756 632 833 minoris,
657 756 714 821 sed
737 756 883 839 supparis
908 756 1121 841 adrogantiae,
1148 775 1257 822 eorum
1277 757 1401 822 scilicet

252 864 308 945 qni
335 863 477 929 datorem
505 863 660 928 bonorum
688 863 783 928 deum
810 882 871 929 non
895 867 1021 948 negant,
1046 864 1103 928 sed
1127 883 1207 947 quae
1230 864 1402 930 acciderint

253 989 289 1036 es
308 971 371 1036 sibi
388 976 516 1055 propter
532 971 733 1054 prudentiam
751 989 843 1034 suam
863 973 1101 1053 ceterarumque
1115 971 1230 1036 merita
1243 971 1402 1036 uirtutum

251 1078 320 1143 inre
344 1078 450 1144 delata
472 1079 672 1145 arbitrantur.
696 1081 862 1162 propterea
886 1077 981 1142 etiam
1006 1076 1115 1142 diuina
1138 1077 1251 1162 dignos
1274 1077 1401 1143 habitos
1432 1098 1443 1137 n

252 1184 363 1268 gratia,
396 1185 482 1268 quod
509 1203 708 1269 nequaquam
734 1184 919 1249 uiderentur
945 1184 1068 1269 indigni
1102 1184 1218 1268 quibus
1251 1185 1330 1249 talia
1358 1185 1402 1249 di·
1463 1191 1482 1243 Β

200 1289 241 1351 26
252 1291 336 1355 uinis
367 1291 529 1357 beneficiis
556 1293 770 1375 prouenirent.
795 1311 834 1356 ne
859 1291 935 1374 quid
959 1310 1033 1375 ergo
1057 1291 1244 1357 huiusmodi
1267 1292 1402 1370 accidat,

252 1396 336 1460 unde
369 1401 481 1462 uotum
513 1401 606 1462 tuum
638 1398 698 1463 tibi
729 1397 763 1461 in
792 1400 959 1480 paccatum
987 1396 1052 1472 fiat,
1081 1397 1131 1461 lex
1158 1398 1191 1461 te
1218 1397 1404 1462 informauit

254 1505 349 1586 atque
378 1503 529 1568 instruxit
556 1504 681 1569 dicente
713 1504 850 1582 domino,
884 1503 938 1586 qni
970 1503 1075 1587 legem
1109 1503 1209 1568 dedit:
1244 1504 1404 1568 adtende

253 1609 337 1688 tibi,
376 1631 419 1675 ne
462 1611 712 1676 obliuiscaris
754 1610 945 1675 beneficia
986 1609 1126 1674 domini
1169 1610 1227 1675 dei
1268 1610 1326 1674 tui
1368 1613 1445 1674 etro
1553 1663 1554 1694 ,

254 1736 328 1782 non
357 1717 559 1782 custodias
587 1715 762 1782 mandata
790 1719 826 1780 et
853 1717 997 1782 iudicia
1025 1719 1062 1780 et
1083 1717 1258 1782 iustitias
1281 1717 1401 1796 illins,

254 1841 352 1905 quae
386 1843 454 1908 ego
489 1823 683 1907 praecipio
716 1824 791 1887 tibi
823 1825 950 1888 hodie:
994 1843 1036 1888 ne
1084 1843 1165 1888 cum
1211 1825 1403 1888 manduca·

253 1930 357 1993 ueris
381 1934 417 1994 et
440 1932 612 2014 repletus
635 1930 754 1995 fueris
779 1933 817 1994 et
841 1949 922 1995 cum
943 1931 1071 1996 domos
1090 1932 1208 1996 bonas
1228 1930 1403 1996 aedifica·

257 2036 364 2100 ueris
402 2042 439 2102 et
475 2038 647 2102 habitare
687 2037 858 2120 coeperis
896 2038 933 2102 in
972 2037 1025 2102 eis
1059 2041 1096 2102 et
1128 2057 1217 2103 oues
1250 2041 1337 2103 tuae
1370 2041 1405 2102 et
1465 2035 1482 2086 l*

257 2141 375 2207 boues
404 2144 462 2209 tui
492 2165 573 2210 cum
601 2145 739 2228 repleti
767 2143 921 2221 luerint,
952 2163 1043 2222 aere,
1073 2147 1227 2229 argento
1258 2148 1295 2209 et
1318 2162 1404 2210 auro
1423 2165 1445 2205 n

258 2250 462 2331 conplatus
509 2251 630 2316 fueris
677 2255 714 2316 et
754 2251 877 2314 omnia
917 2251 1115 2334 possidere
1157 2252 1328 2334 coeperis
1371 2256 1405 2316 et

255 2356 369 2438 plena
400 2358 546 2422 fuerint
578 2359 713 2422 horrea
747 2361 822 2435 tua,
857 2358 1000 2423 exaltes
1030 2377 1092 2423 cor
1119 2362 1223 2424 tuum
1252 2361 1289 2422 et
1317 2359 1405 2424 obli-

257 2464 423 2529 nisuaris
461 2465 652 2530 dominum
690 2464 799 2528 deum
836 2467 952 2528 tuum.
990 2471 1066 2530 tunc
1099 2483 1172 2548 ergo
1207 2465 1405 2530 obliuiscaris

256 2572 429 2648 dominum,
450 2591 523 2637 cum
543 2571 662 2636 oblitus
681 2571 780 2635 fueris
799 2572 858 2635 tui.
879 2572 907 2636 si
927 2551 1034 2636 autam
1054 2590 1230 2655 cognoscas
1245 2571 1405 2636 infirmum

255 2680 287 2741 te
316 2697 397 2755 esse,
428 2697 601 2762 cognosces
631 2677 725 2742 deum
755 2697 827 2742 esse
856 2697 952 2760 supra
975 2679 1080 2743 omnia
1104 2682 1136 2742 et
1158 2679 1314 2744 inmemor
1336 2697 1403 2744 esse
1420 2699 1444 2739 a·

255 2804 319 2848 non
343 2784 474 2868 poteris,
496 2789 535 2850 ut
557 2786 585 2848 ei
609 2785 821 2849 reuerentiam
846 2785 984 2849 debitam
1009 2785 1128 2851 saluas.

202 2893 242 2954 27
304 2891 400 2956 Disce
435 2911 518 2956 nunc
551 2891 817 2974 quemadmodum
850 2893 1069 2974 unusquisque
1101 2895 1277 2970 moneatur,
1306 2911 1344 2956 ne
1372 2911 1403 2956 se
1554 2897 1555 2946 1

256 2998 326 3078 ipse
350 3002 513 3062 auctorem
543 3017 673 3063 suorum
702 3001 795 3080 putet
821 2998 987 3063 bonomm.
1021 3017 1064 3062 ne
1098 2998 1201 3064 dicas
1233 2999 1340 3082 inquit
1368 2999 1402 3062 in
1458 3003 1478 3055 b

258 3103 368 3168 corde
405 3107 486 3170 tuo:
524 3105 650 3170 uirtus
687 3123 767 3168 mea
800 3109 837 3168 et
868 3106 1042 3188 potentia
1074 3123 1154 3170 mea
1186 3106 1282 3170 iecit
1314 3103 1402 3169 milri

255 3210 439 3275 uirtutem
477 3211 570 3276 hanc
607 3231 788 3295 magnam,
826 3211 892 3276 sed
928 3213 965 3276 in
998 3215 1121 3276 mente
1155 3211 1313 3277 habebis
1347 3212 1441 3276 dou

255 3317 396 3381 minum
438 3317 544 3382 deum
591 3321 708 3396 tunm,
755 3319 930 3400 quoniam
977 3319 1059 3400 ipse
1106 3318 1169 3384 dat
1209 3319 1322 3394 uires,
1364 3322 1403 3382 ut

256 3421 375 3486 facias
406 3423 600 3487 uirtutem.
633 3424 715 3489 unde
737 3425 819 3489 bene
842 3426 1006 3506 apostolus
1031 3424 1122 3506 quasi
1145 3424 1227 3508 legis
1249 3424 1402 3506 interpres

256 3548 317 3594 non
346 3529 541 3613 gloriabatur
568 3531 599 3595 in
624 3531 743 3595 uirtute
767 3550 835 3610 sna,
861 3531 917 3596 sed
940 3531 1107 3595 minimum
1131 3551 1164 3596 se
1189 3531 1403 3614 apostolorum

256 3654 327 3700 esse
351 3636 477 3701 dicebat
502 3641 533 3701 et
557 3638 710 3719 quicquid
733 3640 820 3702 esset
842 3637 962 3721 gratiae
983 3637 1108 3702 diuinae
1128 3656 1277 3702 essenon
1297 3637 1402 3701 meriti

258 3742 308 3806 sui
332 3742 474 3825 nihilque
498 3761 555 3807 nus
579 3743 692 3808 babere
721 3743 806 3824 quod
834 3763 894 3808 non
923 3743 1148 3828 acceperimus.
1183 3743 1274 3826 qnid
1306 3744 1400 3808 enim
1419 3769 1443 3810 n

347 3902 359 3954 1
380 3901 460 3954 Pbilo
480 3900 513 3955 de
533 3918 600 3954 sacr.
622 3902 654 3956 13
673 3903 747 3974 (172,
769 3902 814 3967 17;
834 3901 848 3954 1
867 3902 929 3966 224,
948 3902 965 3954 2
986 3901 1028 3968 Ο.)
1095 3901 1111 3954 8
1130 3900 1209 3954 Philo
1230 3899 1262 3953 de
1281 3917 1349 3955 sacr.
1370 3903 1402 3954 14

255 3988 328 4051 1172,
347 3989 395 4053 23;
414 3989 428 4041 Ι
447 3991 508 4051 224,
528 3993 544 4044 6
566 3989 606 4057 C.)
698 3989 714 4044 9
734 3991 816 4045 Dent.
836 3990 860 4052 8,
882 3990 987 4044 11-14
1079 3989 1111 4043 18
1131 3989 1209 4042 Philo
1229 3987 1262 4042 de
1281 4005 1348 4042 sacr.
1369 3989 1401 4041 14

255 4077 328 4146 (172,
347 4077 395 4142 3ος
414 4078 508 4142 1224,
530 4079 561 4132 11
584 4078 626 4146 0.)
723 4079 758 4134 23
776 4079 859 4132 Dent.
879 4079 904 4142 8,
925 4079 956 4130 17
977 4095 1016 4148 sq.
1036 4077 1115 4132 Philo
1135 4076 1169 4131 de
1188 4093 1254 4132 sacr.
1276 4077 1308 4130 14
1328 4077 1399 4140 (172,

256 4166 534 4234 33;1224,180.)
591 4166 896 4236 281001.15,9sq.
951 4166 1097 4226 30100r.
1116 4168 1177 4230 4,'l

291 4273 509 4343 9deditlegern
529 4273 556 4325 P
619 4274 652 4328 16
671 4275 796 4344 cupletns
815 4273 843 4326 Β
862 4291 920 4326 cum
940 4273 1059 4342 repletus
1083 4273 1109 4325 V
1169 4271 1203 4326 29
1223 4269 1355 4340 quidquid
1373 4269 1399 4322 B

257 4365 283 4430 (c
300 4379 321 4416 s.
342 4361 359 4414 d
373 4361 431 4432 pr.)
