3142 4967
338 428 380 481 De
400 426 467 482 Cain
486 429 515 482 et
533 428 603 482 Abel
621 429 649 482 Il
667 431 692 493 9,
713 431 818 485 34-37
857 431 880 502 (Ι
900 431 950 485 221
972 431 1086 486 1)-222
1105 432 1127 486 F
1129 455 1148 500 p.
1254 437 1324 520 '407

176 630 207 690 et
230 623 465 709 aegritudinum
495 624 628 688 uulnera
659 624 813 706 plurimas
844 630 961 690 mortes
987 628 1093 710 generi
1118 627 1255 693 humano
1279 629 1324 692 in-

175 733 290 807 ferunt,
314 733 351 793 ut
373 730 436 793 ista
462 749 547 795 mors
570 731 745 795 remedium
769 731 916 798 uideatur
935 751 1015 808 esse,
1036 753 1097 798 uon
1121 754 1235 818 poena;
1262 756 1323 801 nou

176 838 259 902 enim
291 838 504 920 peremptoria
536 841 595 914 est,
627 857 683 920 per
716 858 810 922 quam
843 859 905 904 non
930 839 1080 906 adimitur
1103 841 1180 916 uita,
1206 843 1260 907 sed
1286 845 1324 908 ad

174 945 305 1009 meliora
337 945 536 1009 transfertur.
570 964 641 1008 nam
675 945 702 1008 si
726 948 875 1010 nocentes
900 946 1087 1028 moriuntur,
1114 948 1167 1032 qui
1192 949 1323 1033 gradum

143 1070 193 1115 aa
224 1052 366 1134 peccatis
399 1070 548 1116 reuocare
582 1051 750 1127 noluerint.
784 1053 837 1116 uel
870 1052 964 1117 inuiti
999 1059 1102 1118 tamen
1137 1055 1229 1120 finem
1264 1076 1323 1120 nou

175 1160 316 1235 naturae,
342 1158 398 1223 sed
423 1159 535 1241 culpae
562 1158 794 1242 adipiscuntur,
819 1179 858 1224 ne
881 1161 974 1242 plura
998 1161 1184 1245 delinquant
1207 1163 1323 1245 quibus
1349 1176 1370 1231 c

172 1266 243 1329 uita
274 1265 386 1328 faenus
420 1267 469 1328 est
502 1263 700 1329 delictorum.
736 1265 763 1328 si
796 1270 904 1330 autem
938 1268 1037 1332 bonae
1070 1267 1137 1350 spei
1162 1271 1323 1350 compotes
1445 1251 1450 1259 ’

91 1374 128 1436 36
174 1374 260 1448 suut,
293 1373 430 1455 migrare
462 1371 565 1456 magis
600 1392 694 1454 quam
727 1372 861 1437 deficere
895 1372 1042 1438 credendi
1067 1377 1151 1441 sunt.
1176 1375 1325 1439 inseritur

174 1480 234 1543 hoc
267 1479 338 1545 loco
372 1480 489 1564 dogma
521 1480 559 1543 de
591 1479 827 1562 incorruptione
860 1479 992 1558 animae,
1026 1481 1112 1563 quod
1144 1481 1212 1565 ipsa
1249 1501 1324 1546 uera

131 1594 207 1653 root
239 1590 332 1654 beata
364 1587 432 1650 uita
464 1586 517 1666 sit,
550 1605 646 1668 quam
682 1587 904 1668 unusquisque
941 1587 1020 1650 bene
1055 1589 1202 1653 conscius
1240 1590 1324 1654 uiuit

172 1697 277 1761 multo
310 1694 422 1778 purius
455 1711 492 1758 ac
523 1693 660 1772 beatius,
694 1711 767 1757 oum
800 1692 896 1758 huius
935 1694 1036 1758 camis
1074 1695 1179 1758 anima
1216 1700 1323 1760 nostra

173 1800 358 1885 deposuerit
379 1800 582 1864 inuolucrum
606 1803 638 1864 et
662 1799 798 1882 quodam
823 1819 945 1864 earcere
968 1800 1031 1865 isto
1056 1802 1152 1865 fuerit
1176 1801 1322 1866 absoluta

173 1927 333 1992 corporeo,
358 1907 390 1970 in
419 1907 512 1971 illum
545 1905 741 1990 superiorem
774 1908 921 1971 reuolaus
954 1907 1072 1985 locum,
1096 1908 1180 1972 unde
1204 1910 1365 1978 nostrisb

172 2017 279 2082 intusa
304 2014 483 2080 uisceribus
508 2013 716 2096 conpassione
740 2013 880 2096 corporis
905 2013 1002 2078 huius
1029 2015 1198 2098 ingemuit,
1223 2016 1322 2081 donec

132 2145 155 2184 rs
174 2122 338 2189 commissi
371 2120 578 2205 gubernaculi
609 2139 726 2186 munus
758 2121 915 2202 impleret,
950 2124 986 2184 ut
1019 2122 1120 2186 carnis
1152 2122 1246 2187 huius
1277 2124 1320 2187 in·

171 2231 378 2297 rationabiles
400 2229 508 2294 motus
527 2227 708 2292 rationabili
727 2228 826 2292 ductu
845 2230 970 2312 regeret
989 2233 1021 2292 et
1040 2229 1230 2293 coherceret.
1250 2231 1322 2294 inde

173 2339 333 2420 estquod
364 2340 476 2420 postea
507 2335 680 2417 prophetae
711 2335 743 2399 in
777 2335 998 2418 captiuitatem
1031 2356 1104 2400 cnm
1132 2336 1320 2400 ludaeorum

171 2446 292 2527 populo
311 2444 515 2520 transierunt,
536 2461 574 2506 ne
592 2443 716 2524 reliqua
734 2441 838 2524 plebis
859 2445 1039 2506 sanctorum
1061 2443 1216 2506 destituta
1234 2461 1321 2523 prae-

172 2550 254 2615 sidio
288 2549 485 2633 consilioque
518 2548 650 2613 uiduata
681 2549 859 2632 grauiorem
891 2549 1013 2614 subiret
1045 2567 1239 2626 aerumnam,
1265 2548 1320 2611 sed

129 2683 154 2722 ro
170 2659 274 2742 magis
297 2657 517 2740 frequentibus
542 2656 679 2720 oraculis
704 2657 882 2720 conmunita
906 2655 1131 2740 prophetarum
1155 2655 1194 2720 ad
1218 2655 1319 2719 domi-

171 2785 246 2830 num
272 2765 368 2830 deum
392 2784 486 2828 suum
509 2763 562 2846 pio
585 2763 703 2828 rediret
726 2763 851 2828 adfectu
876 2782 933 2827 nec
956 2761 1098 2827 aduersis
1122 2763 1319 2846 captiuitatis
1343 2779 1364 2834 Ε

171 2873 288 2936 adtrita
310 2875 473 2954 prorueret
496 2872 528 2936 in
551 2870 701 2954 perfidiae
734 2873 903 2952 peceatum
936 2869 1114 2951 salutisque
1147 2873 1319 2953 perpetuae

88 2976 126 3039 37
170 2979 348 3044 remedium
381 2979 572 3061 desperaret.
605 2978 841 3061 redarguuntur
864 2977 971 3059 itaque
995 2976 1149 3042 hocloco
1174 2975 1319 3058 quinni-

171 3106 240 3151 cam
265 3087 347 3150 hanc
372 3086 472 3150 uitam
496 3088 611 3167 putent
635 3103 705 3149 esse
730 3103 811 3166 quae
836 3083 933 3148 sitin
957 3083 1018 3148 hoc
1046 3085 1186 3162 saeculo,
1213 3093 1318 3165 <quo>

128 3193 277 3259 raomnia
308 3193 401 3276 plena
432 3195 553 3276 lapsus,
586 3193 680 3275 plena
711 3191 863 3255 maeroris
898 3195 982 3268 suut,
1018 3195 1050 3255 et
1085 3191 1320 3276 redarguuntur·

170 3300 311 3383 simplici
349 3300 428 3364 serie
466 3302 640 3384 gestorum.
679 3316 751 3362 eece
791 3298 875 3361 enim
912 3298 1017 3362 iustus
1056 3299 1207 3364 innocens
1245 3299 1317 3379 pius

170 3409 299 3488 propter
331 3407 465 3490 gratiam
499 3405 678 3470 deuotionis
713 3405 785 3469 odia
817 3404 923 3469 fratris
951 3404 1115 3469 incurrens
1139 3405 1317 3469 inmaturus

169 3513 274 3578 adhuc
289 3514 360 3578 aeui
377 3512 524 3578 sublatus
540 3516 590 3577 est
608 3510 786 3593 parricidio,
808 3514 840 3574 et
857 3511 987 3593 iniquus
1007 3512 1180 3576 sceleratus
1200 3511 1316 3593 inpius,
1340 3527 1362 3580 F

169 3620 266 3684 etiam
289 3620 427 3684 fraterna
450 3619 545 3684 caede
569 3620 714 3702 pollutus
737 3618 927 3703 longaeuum
954 3617 1043 3682 duxit
1061 3621 1207 3694 aetatem,
1227 3617 1316 3681 duxit

126 3755 151 3794 ao
169 3747 308 3806 uxorem,
331 3728 553 3811 posteritatem
584 3726 725 3808 reliquit.
750 3725 844 3790 urbes
879 3725 1020 3790 condidit
1052 3729 1083 3789 et
1111 3725 1170 3790 boc
1200 3723 1316 3787 meruit

167 3833 376 3917 permissione
409 3833 528 3898 diuina.
562 3851 664 3897 nonne
697 3833 727 3895 in
762 3833 811 3896 his
845 3835 952 3913 aperte
991 3851 1052 3895 uor
1089 3831 1139 3894 dei
1177 3829 1314 3895 clamat?

259 3976 292 4028 12
312 3974 367 4029 Cic.
388 3974 421 4029 de
439 3991 495 4044 rep.
515 3974 553 4027 Vl
574 3974 606 4027 14
660 3975 692 4027 21
714 3973 811 4027 Threu.
832 3975 856 4038 3,
878 3974 911 4026 39
962 3973 996 4026 29
1018 3971 1083 4026 Gen.
1103 3973 1129 4038 4,
1151 3973 1182 4026 17

203 4083 220 4135 2
240 4097 300 4134 esse
318 4081 447 4134 uideatur
463 4081 491 4134 B
547 4082 580 4135 10
598 4081 676 4134 uiuet
694 4080 815 4134 SAA‘P‘
880 4080 913 4133 12
931 4080 986 4133 isto
1005 4095 1076 4133 arae.
1096 4078 1125 4142 S,
1145 4095 1196 4133 om.
1214 4077 1314 4132 Mam

169 4171 202 4224 16
225 4170 382 4224 coherceret
405 4174 430 4236 (c
455 4169 504 4223 alt.
527 4187 548 4223 e.
571 4169 611 4237 u.)
630 4168 712 4222 SPP'
736 4169 876 4222 cohereret
899 4168 924 4220 1⁷
1030 4168 1064 4221 20
1091 4167 1257 4236 prolatarum
1281 4166 1314 4218 M

166 4258 201 4312 23
220 4258 421 4326 redarguuntur
444 4257 470 4311 V
486 4257 534 4310 sed
553 4261 705 4327 arguuntur
722 4263 769 4312 cet.
875 4258 910 4310 24
929 4260 1026 4326 putent
1045 4255 1130 4309 SAA‘
1149 4259 1248 4326 putant
1267 4261 1313 4309 eet.

203 4364 256 4416 quo
277 4346 379 4400 addidi
431 4346 467 4400 30
486 4346 597 4416 reliquit
615 4346 804 4415 posteritatem
825 4346 851 4398 B
