3142 4967
281 450 348 513 406
753 445 950 499 Ambrosii

280 659 374 723 posse
407 641 579 716 committi,
612 644 785 724 potuemnt
818 641 901 707 enim
932 645 964 708 et
985 645 1131 724 parentes
1156 642 1194 706 de
1218 643 1283 708 tilio
1308 643 1428 708 discere
1485 649 1504 702 1)
1551 627 1552 632 ’

281 748 367 830 quod
390 747 569 813 didicerunt
591 747 712 830 posteri
734 748 773 814 de
797 752 936 833 parente.
1551 819 1552 824 ,

222 853 270 916 34
323 855 418 920 Nunc
441 855 679 921 consideremus
704 875 766 939 qua
799 875 895 922 causa
927 855 1039 921 dixerit
1071 856 1163 922 deus:
1198 857 1326 922 omnis
1360 857 1425 939 qni
1482 861 1500 915 E
1551 875 1552 884 ¹

279 961 487 1028 dediderit
511 963 607 1028 Cain
642 963 800 1046 septies
833 962 1062 1028 uindictam
1096 965 1287 1029 exsoluat
1311 968 1343 1028 et
1366 984 1427 1048 qua

279 1069 400 1135 ratione
433 1069 563 1154 signum
594 1088 689 1152 super
720 1089 793 1134 eum
826 1069 963 1152 ponitur,
997 1088 1036 1134 ue
1069 1069 1231 1134 occidatur
1263 1070 1427 1152 parricida,
1454 1098 1466 1137 s
1551 1093 1552 1154 j

279 1195 352 1242 cum
376 1181 581 1261 prospectum
604 1195 667 1242 non
690 1176 796 1256 fuerit,
820 1195 859 1242 ue
882 1177 1032 1242 innocens
1061 1176 1268 1243 occideretur.
1294 1180 1426 1242 octauus
1551 1155 1552 1190 ³

279 1287 330 1348 est
360 1284 467 1362 homo,
495 1285 592 1349 habet
623 1283 819 1363 rationabile,
849 1303 910 1366 quo
944 1285 1086 1367 praestet
1117 1283 1242 1356 ceteris,
1272 1283 1368 1349 habet
1396 1288 1427 1348 et

277 1391 419 1474 quinquo
452 1389 592 1474 corporis
621 1409 745 1467 sensus,
769 1389 867 1455 habet
890 1390 987 1455 etiam
1009 1409 1134 1468 uocem,
1160 1389 1256 1454 habet
1280 1393 1313 1455 et
1335 1409 1424 1476 gene·
1551 1459 1552 1478 ἶ

278 1497 368 1562 randi
392 1499 538 1582 gratiam.
561 1497 640 1562 haec
664 1501 788 1581 septem
812 1498 874 1563 nisi
897 1497 953 1563 illo
973 1497 1154 1562 rationabili
1173 1500 1332 1582 regantur,
1353 1497 1423 1563 sub·
1481 1507 1499 1560 l

277 1605 361 1670 iecta
383 1604 479 1670 morti
502 1608 586 1670 errat.
611 1607 645 1670 et
665 1605 737 1671 ideo
762 1607 883 1670 stultns
902 1605 934 1668 in
954 1604 1004 1669 his
1023 1604 1120 1669 habet
1138 1623 1231 1669 omne
1249 1604 1424 1688 periculum
1442 1629 1466 1668 ro
1551 1679 1552 1706 χ

278 1712 340 1778 sui.
366 1713 421 1795 qui
444 1731 517 1796 ergo
540 1712 728 1778 rationabile
751 1712 832 1777 illud
856 1712 998 1778 amiserit
1015 1712 1133 1777 frustra
1152 1710 1190 1775 de
1208 1710 1344 1776 istorum
1364 1710 1425 1775 sibi
1551 1785 1552 1792 ,

278 1839 341 1883 usu
365 1821 486 1900 septem
511 1818 683 1884 carnalium
707 1839 876 1885 munerum
894 1819 1084 1884 blandietur.
1108 1819 1331 1883 dissoluuntur
1348 1818 1422 1882 baec
1551 1803 1552 1858 3

279 1926 394 2006 omnia,
418 1925 481 1990 nisi
512 1926 645 1992 habenis
679 1926 871 2010 quibusdam
904 1927 1034 1992 rationis
1064 1927 1217 1992 adstricta
1240 1926 1315 1990 sint.
1340 1944 1422 1990 mors
1551 1869 1552 1956 6

279 2032 386 2116 itaque
418 2033 550 2099 rationis
583 2039 718 2100 mortem
751 2038 899 2118 operatur
930 2033 1203 2100 inrationabilium
1228 2032 1423 2116 passionum.

279 2140 338 2203 sed
368 2140 450 2207 illud
482 2142 597 2206 melius
631 2142 715 2225 quod
747 2143 906 2224 septimus
939 2160 1091 2206 numerus
1120 2140 1237 2224 quietis
1262 2142 1294 2205 et
1317 2139 1425 2205 remis·
1444 2162 1466 2202 u

280 2244 378 2311 sionis
402 2251 462 2312 est.
487 2267 560 2332 ergo
586 2248 641 2331 qui
664 2248 719 2312 alii
742 2267 804 2312 non
827 2247 1006 2331 pepercerit
1028 2247 1186 2331 peccatori
1209 2249 1242 2312 et
1259 2265 1377 2311 munus
1398 2245 1424 2310 ei

277 2353 476 2418 remissionis
508 2359 710 2438 peccatorum
743 2353 896 2420 inuiderit
928 2355 997 2437 ipse
1025 2355 1087 2419 sibi
1116 2373 1204 2437 spem
1227 2353 1424 2418 remissionis

225 2455 268 2518 35
280 2461 401 2544 eripiet,
427 2465 460 2526 et
482 2463 543 2528 erit
565 2463 596 2528 in
620 2482 657 2528 eo
680 2463 749 2545 pari
779 2481 929 2528 mensura
960 2461 1102 2527 uindicta
1125 2462 1164 2527 de
1197 2463 1308 2546 gratio.
1343 2459 1423 2543 qnod

278 2573 387 2632 autem
419 2569 547 2654 signum
579 2569 690 2653 posuit
721 2588 816 2652 super
849 2567 936 2642 Cain,
970 2588 1008 2632 ne
1041 2568 1113 2651 quis
1146 2587 1220 2632 eum
1257 2567 1424 2638 occideret,

277 2676 439 2740 reflectere
470 2676 576 2741 uoluit
607 2679 761 2741 errantem
794 2679 826 2740 et
857 2673 1009 2740 beneficio
1043 2693 1101 2739 suo
1133 2673 1271 2737 inuitare
1294 2674 1336 2738 ad
1359 2683 1540 2737 cor-reatae

277 2782 462 2860 rectionem3
482 2782 562 2868 ipsis
582 2782 666 2848 enim
684 2802 742 2847 nos
757 2782 884 2848 facilius
905 2783 1103 2846 committere
1122 2779 1273 2858 solemus,
1290 2799 1424 2862 quorum
1551 2829 1552 2874 ,

277 2889 432 2954 habemus
456 2891 601 2974 gratiam.
626 2909 685 2955 uec
708 2892 813 2954 tamen
837 2909 952 2974 magna
975 2888 1132 2966 coneedit,
1156 2887 1210 2952 sed
1235 2886 1268 2951 in
1292 2906 1332 2952 eo
1355 2887 1425 2969 ipso

277 2996 512 3079 inprudentiam
544 2997 727 3080 insipientis
760 2996 937 3074 ulciscitur,
972 2996 1026 3078 qui
1055 3015 1125 3060 curn
1151 2998 1237 3059 esset
1259 2993 1426 3076 perpetuis

279 3103 445 3184 suppliciis
478 3103 643 3184 obnoxius,
676 3123 737 3168 non
768 3103 889 3169 remitti
923 3103 984 3168 sibi
1016 3122 1148 3185 poenam
1182 3101 1341 3185 poposcit,
1369 3099 1427 3164 sed
1551 3179 1552 3202 ᾖ

278 3209 379 3272 uitam
417 3210 554 3292 corporis
591 3210 686 3276 buius
730 3211 956 3276 obsecrandam
994 3211 1133 3294 putauit,
1172 3209 1205 3274 in
1246 3229 1309 3291 qua
1350 3207 1427 3290 plus
1444 3228 1468 3266 ss
1551 3267 1552 3296 ,

277 3333 444 3380 aerumnae
477 3320 527 3382 est
559 3337 654 3399 quarn
678 3319 864 3401 uoluptatis.
888 3337 973 3383 mors
998 3317 1081 3382 enirn
1105 3336 1168 3382 una
1191 3319 1241 3382 est
1262 3315 1295 3379 in
1320 3331 1427 3380 secas·
1551 3309 1552 3312 ’

277 3422 366 3486 sione
399 3425 521 3489 animae
554 3429 586 3489 et
618 3425 759 3507 corporis
784 3425 870 3490 etin
894 3425 1196 3502 fineistinsuitae,
1221 3442 1301 3506 quae
1325 3421 1429 3486 simul

277 3533 314 3592 ut
332 3528 430 3606 uenit,
450 3548 559 3595 omnes
580 3530 718 3612 corporis
738 3531 863 3596 dolores
878 3531 1010 3608 auferre,
1030 3551 1091 3597 non
1108 3549 1224 3615 augere
1243 3528 1427 3594 consueuit.
1486 3538 1505 3591 B

277 3639 382 3701 metus
406 3656 492 3715 uero,
518 3636 571 3720 qui
596 3637 676 3702 banc
701 3637 802 3702 uitam
834 3639 1020 3704 uiuentibus
1052 3640 1232 3721 frequenter
1256 3635 1427 3720 ingruunt,
1551 3637 1552 3728 t

277 3744 466 3820 maestitiae,
490 3743 626 3820 dolores,
651 3747 790 3829 gemitus
823 3745 1004 3828 diuersique
1032 3746 1203 3825 cruciatus,
1226 3743 1429 3829 grauitatum
1447 3769 1472 3810 a

367 3971 384 4025 6
402 3971 481 4024 Philo
502 3971 580 4037 Quod
599 3971 653 4026 det.
674 3976 730 4042 pot.
749 3973 800 4027 ine.
819 3975 853 4028 46
874 3973 946 4038 (223,
968 3973 1014 4037 18;
1034 3972 1047 4025 I
1067 3973 1128 4038 296,
1147 3975 1163 4029 6
1185 3973 1225 4044 0.)
1298 3975 1332 4029 15
1356 3974 1427 4030 Gen.

276 4062 302 4126 2,
322 4061 338 4113 2
395 4061 427 4114 19
446 4061 513 4115 Gen.
532 4063 558 4125 4,
579 4063 611 4116 15
630 4061 710 4116 Philo
730 4061 841 4127 Quaest.
860 4062 874 4116 I
893 4064 926 4116 76

313 4187 329 4238 7
348 4189 470 4254 praestat
488 4190 512 4254 (t
532 4187 581 4240 alt.
599 4205 620 4241 s.
639 4195 678 4254 a.)
699 4190 740 4255 M,
753 4189 823 4255 fort.
843 4194 912 4242 recte
953 4191 968 4242 9
987 4188 1137 4244 subiectam
1151 4189 1186 4243 M
1204 4195 1228 4244 ct
1247 4191 1283 4254 (m
1302 4193 1431 4262 eras.)S

278 4273 311 4326 lo
330 4277 425 4328 mortis
444 4275 467 4328 S
516 4275 549 4328 16
567 4278 719 4346 pepercerit
737 4278 816 4333 Mon.
836 4281 934 4332 11399
951 4279 1073 4348 pepercit
1092 4283 1139 4336 cet.
1207 4279 1241 4332 22
1261 4293 1309 4333 nec
1330 4283 1428 4336 tamen

278 4362 531 4432 ...inprudentiam
549 4381 601 4418 om.
620 4365 657 4419 M
