3142 4967
448 424 491 478 Dc
509 423 569 478 Noe
590 424 632 489 14,
651 426 686 478 49
724 425 749 492 (1
768 427 819 479 247
840 426 951 480 13-248
971 428 1015 493 B).
1127 452 1131 459 ·
1249 432 1313 496 447

162 620 239 686 fecit
262 620 436 696 exordium,
465 622 528 685 nisi
555 620 735 685 inmanibus
764 621 890 687 delictis
920 625 1006 687 esset
1035 624 1185 688 offensus.
1220 626 1316 689 simul

161 728 290 793 ueniam
312 728 464 811 temporis
489 729 521 791 et
539 728 661 791 numeri
687 727 767 793 ratio
792 729 961 810 promittit,
986 730 1190 811 quodetiam
1214 731 1316 797 iratus

161 836 370 901 admoneatur
396 838 463 901 tam
491 834 754 917 praecedentibus
784 836 889 900 causis
918 836 1143 901 beneficiorum
1173 858 1315 916 suorum,

161 946 284 1008 utnon
308 942 435 1025 penitus
460 942 564 1006 deleat
588 960 695 1006 eorum
725 943 938 1007 substantiam
966 963 1046 1027 quos
1075 945 1143 1028 ipse
1172 944 1313 1014 donauit.

85 1050 144 1111 iba
205 1050 255 1114 Et
293 1050 432 1132 erupti
470 1051 566 1113 suut
603 1067 737 1113 omnes
773 1049 911 1114 fontes
949 1050 1089 1136 abyssi
1132 1054 1171 1115 et
1213 1055 1315 1115 cata-

162 1158 302 1221 rectae
328 1154 433 1220 caeli
457 1157 623 1237 apertae
647 1158 753 1219 sunt.
771 1156 838 1221 uim
859 1156 972 1221 diluuii
993 1156 1149 1239 scriptura
1169 1157 1315 1222 conueni-

162 1267 251 1327 enter
274 1262 431 1345 expressit
454 1260 561 1325 dicens
586 1261 710 1327 caelum
734 1266 765 1326 et
784 1264 899 1327 terram
919 1264 1036 1347 pariter
1055 1283 1125 1329 esse
1146 1268 1313 1338 commota,

162 1389 198 1433 ex
227 1370 345 1453 quibus
373 1370 539 1433 elementis
568 1371 692 1433 constat
719 1369 815 1433 istius
848 1371 959 1435 mundi
991 1390 1082 1436 omne
1113 1370 1312 1453 principium.
1342 1386 1363 1438 F

162 1476 302 1559 undique
333 1495 408 1558 ergo
430 1475 638 1540 influentibus
662 1495 816 1557 aquarum
839 1476 978 1542 molibus
1003 1477 1189 1543 conclusum
1214 1496 1314 1561 genus

122 1604 144 1643 m
162 1584 329 1648 bominum
352 1585 551 1667 perurgetur.
574 1583 653 1647 haec
673 1583 847 1648 secundum
867 1585 1018 1649 litteram.
1043 1585 1127 1667 quod
1147 1588 1252 1649 antem
1275 1583 1313 1647 ad

161 1691 307 1755 altiorem
331 1689 469 1774 pertinet
491 1709 632 1767 sensum,
657 1690 738 1755 caeli
761 1691 905 1774 symbolo
934 1711 1023 1759 mens
1052 1692 1189 1756 humana
1217 1692 1313 1775 signi-

159 1795 285 1874 ficatur,
318 1800 421 1861 terrae
451 1800 557 1860 autem
591 1797 803 1879 appellatione
837 1817 952 1879 corpus
982 1802 1013 1861 et
1042 1818 1164 1863 sensus.
1198 1818 1314 1882 magna

160 1903 261 1986 igitur
283 1902 457 1987 naufragia,
482 1904 606 1984 quando
629 1904 747 1968 mentis
771 1904 889 1985 pariter
917 1908 950 1968 et
978 1906 1118 1987 eorporis
1148 1924 1313 1969 sensnum·

160 2029 221 2091 que
260 2010 401 2074 omnium
438 2010 532 2074 turbo
566 2012 599 2073 et
629 2010 771 2092 procella
803 2011 986 2076 miscentur.
1027 2010 1196 2095 diligenter
1229 2012 1313 2076 dicta

120 2136 142 2174 1⁵
159 2134 342 2199 pensemus,
375 2118 563 2199 plerumque
595 2117 681 2181 fraus
716 2117 834 2181 mentis
864 2122 896 2181 et
924 2118 1017 2183 dolus
1046 2138 1140 2182 suum
1170 2124 1313 2184 exercent

160 2242 329 2300 uenenum,
346 2223 402 2287 sed
416 2225 522 2287 tamen
538 2223 694 2287 sobrietas
711 2224 850 2306 corporis
867 2227 899 2288 et
913 2224 1109 2289 continentia
1123 2226 1314 2290 obumbrant

160 2330 276 2395 mentis
299 2329 548 2413 improbitatem.
572 2330 753 2412 frequenter
778 2330 899 2395 incerto
928 2331 1002 2395 fidei
1030 2334 1125 2412 atque
1155 2332 1311 2413 opinionis

161 2457 237 2503 snae
266 2456 356 2501 mens
384 2437 507 2501 lubrica
540 2440 599 2514 est,
633 2437 688 2501 sed
721 2441 826 2503 tamen
861 2456 931 2501 caro
966 2438 1088 2501 deliciis
1123 2441 1155 2501 et
1187 2438 1409 2505 luxuriaaran

160 2547 265 2616 uacat,
289 2547 327 2608 ut
349 2543 516 2627 frugalitas
541 2563 677 2608 errorem
700 2544 818 2607 mentis
842 2548 980 2621 excuset,
1006 2544 1090 2609 sicut
1113 2545 1206 2608 multi
1236 2548 1311 2609 sunt

19 2697 20 2702 ,
118 2672 143 2709 m
160 2651 402 2726 baereticorum,
427 2651 481 2733 qui
504 2650 708 2732 praetendere
728 2652 842 2715 uolunt
860 2652 1000 2733 corporis
1020 2651 1255 2729 continentiam,
1274 2658 1311 2715 nt

160 2757 331 2823 adsertioni
355 2777 432 2822 arrae
456 2757 552 2822 fidem
574 2759 759 2822 testimonio
784 2758 907 2823 sobriae
927 2758 1028 2822 carnis
1048 2758 1223 2841 adquirant.
1250 2758 1310 2823 etsi

161 2884 256 2929 sensu
283 2865 410 2943 lubrici,
437 2868 543 2929 tamen
573 2884 635 2947 quo
663 2866 769 2929 minus
798 2868 906 2948 turpes
934 2865 1095 2946 aliquanto
1124 2865 1311 2930 excusabili-

159 2992 229 3036 ores
248 2972 414 3035 habentur.
439 2990 511 3035 oum
532 2974 639 3036 antem
657 2990 778 3035 uenena
798 2970 912 3035 mentis
932 2974 964 3035 et
983 2971 1129 3057 contagia
1143 2990 1310 3054 corporeae

160 3078 367 3143 obscenitatis
404 3097 533 3143 sensum
570 3097 695 3142 omnem
732 3077 940 3162 uigoremque
978 3077 1175 3143 confundunt
1216 3084 1310 3160 atque

121 3185 284 3249 sanimus
315 3185 435 3249 incerto
467 3184 610 3251 lubricus
643 3188 743 3262 motu,
776 3185 917 3250 malitiae
950 3185 1088 3251 saetidns
1122 3188 1308 3263 atramento,
1336 3208 1358 3261 B

161 3290 358 3357 crudelitatis
386 3292 491 3356 furore
520 3310 694 3356 succensus
719 3292 815 3355 etiam
840 3294 1054 3375 corporalibus
1079 3292 1210 3376 flagitiis
1234 3292 1308 3357 inci-

250 3574 266 3624 5
287 3569 354 3626 Gen.
374 3570 398 3632 7,
420 3570 450 3623 ll
472 3569 550 3623 Philo
572 3568 683 3633 Quaest.
703 3569 731 3622 Il
753 3570 784 3623 18

195 3712 213 3765 4
232 3713 359 3781 paenitus
377 3711 405 3764 P
457 3716 473 3767 5
494 3713 583 3782 erupti
601 3712 682 3765 PTB
700 3718 725 3765 et
746 3717 771 3777 (a
791 3716 871 3777 eras.)
891 3712 922 3765 T‘
938 3712 1011 3781 rupti
1026 3717 1082 3774 cet,
1098 3713 1133 3781 cf.
1144 3729 1173 3779 p.
1192 3714 1259 3775 454,
1273 3714 1308 3765 13

196 3805 350 3855 cataractae
370 3800 397 3853 P
414 3804 566 3856 cataractae
584 3801 615 3854 N
636 3802 664 3871 (a
687 3806 746 3855 tert.
770 3801 803 3853 ia
821 3817 878 3856 ras.
898 3804 955 3861 rn3l
1066 3800 1083 3855 8
1103 3817 1133 3853 ex
1152 3802 1208 3854 PT
1225 3818 1239 3854 e
1259 3809 1305 3855 cel.

163 3891 192 3943 ll
213 3906 323 3943 sensum
341 3890 369 3942 P
386 3889 477 3958 (sensu
494 3890 527 3943 in
544 3894 613 3954 ros.)
686 3889 806 3943 humana
823 3905 899 3943 mens
918 3888 1041 3943 DNOM
1092 3892 1125 3943 16
1145 3889 1263 3957 corporis
1283 3889 1310 3941 P

160 3982 218 4046 (mt
236 3994 269 4032 ex
288 3960 412 4047 corpure)
433 3994 574 4047 corporum
597 3976 622 4029 Y
675 3977 708 4029 18
728 3976 837 4031 luxuria
852 3976 911 4029 ΤὈ
926 3977 1030 4030 luxoria
1044 3977 1098 4030 PT
1115 3977 1233 4030 luxuriae
1248 3976 1312 4031 DN

159 4072 185 4123 et
204 4070 230 4131 (e
249 4070 332 4131 eras.)
353 4067 387 4119 M
404 4065 540 4121 luxuriosa
561 4069 623 4125 (one.
643 4068 680 4129 et)
701 4064 728 4117 B
784 4066 817 4119 19
836 4064 972 4133 fragilitas
992 4064 1139 4117 DNBOM
1208 4064 1307 4117 mentis

158 4172 210 4209 cm.
229 4154 257 4206 B
358 4155 390 4207 21
412 4152 575 4207 adseri-ionis
599 4153 709 4207 TDNB
806 4154 841 4207 23
861 4169 986 4221 corporee
1005 4154 1032 4205 P
1049 4153 1075 4223 (e
1096 4155 1143 4207 alt.
1164 4170 1196 4207 ca
1215 4170 1230 4206 a
1249 4156 1305 4219 m2)

159 4245 193 4298 24
212 4260 374 4312 omnemque
393 4242 557 4311 uigoremB
606 4243 640 4295 25
659 4241 762 4295 fetidus
781 4242 809 4295 B
828 4242 904 4313 serlus
924 4242 956 4295 N
971 4242 1049 4295 fedus
1068 4243 1158 4295 DUM
1211 4243 1245 4296 26
1264 4241 1306 4295 t-

159 4349 218 4386 rore
236 4332 265 4385 P
283 4336 307 4397 (l
323 4332 355 4385 in
373 4331 443 4401 ras.)
