3142 4967
320 457 363 510 De
382 457 447 511 Cain
468 461 496 511 et
514 457 583 511 Abel
600 457 615 512 I
633 460 658 513 9.
680 459 721 522 10,
742 459 848 513 39-42
869 459 1144 528 (12010-20211).
1240 465 1306 529 373

160 670 232 714 curn
256 651 328 734 ipsa
349 653 525 735 postulatio
548 653 618 718 uoti
640 656 765 719 matura
789 674 859 720 esse
884 655 1006 734 debeat,
1027 676 1064 720 ne
1084 656 1251 721 uideamur
1269 657 1307 721 de

159 758 307 823 humanis
335 760 468 836 artibus,
497 761 557 824 hoc
586 764 636 825 est
659 761 805 826 medendi
828 763 941 845 peritia
964 763 1196 846 herbarumque
1221 763 1306 828 sucis

158 887 303 949 sperasse
327 867 430 950 magis
453 866 630 932 remedium
655 887 751 951 quarn
774 868 812 932 de
833 868 889 933 deo
910 869 1089 934 subsidium
1108 870 1305 954 poposcisse.

157 975 195 1038 ad
229 974 335 1057 ipsum
369 975 452 1038 enim
480 975 569 1056 prius
599 978 649 1040 est
677 975 934 1059 confugiendum,
965 977 1019 1058 qui
1047 981 1172 1042 nostrae
1196 997 1304 1042 carrara
1338 978 1359 1032 0

127 1081 262 1162 opossit
288 1081 409 1144 animae
436 1081 613 1163 passiones.
642 1100 754 1145 uerum
781 1081 927 1147 homines
960 1086 1164 1165 praepostero
1199 1083 1306 1148 ordine

156 1193 229 1253 ante
258 1188 319 1252 sibi
348 1208 439 1271 opem
469 1188 508 1252 ab
538 1188 720 1253 hominibus
749 1193 924 1266 arcessunt,
953 1190 1008 1254 ubi
1036 1195 1144 1254 autem
1167 1190 1305 1255 humana

156 1294 302 1360 subsidia
325 1295 507 1372 defecerint,
531 1298 608 1359 tunc
631 1295 798 1377 opinantur
822 1296 922 1360 diuini
942 1279 1165 1379 postulandam
1185 1298 1304 1362 fauoris

78 1391 110 1453 41
157 1403 301 1485 gratiam.
335 1402 485 1466 concluso
519 1421 592 1484 ergo
625 1401 681 1466 illo
715 1406 747 1466 et
774 1403 923 1468 conuicto
954 1403 1029 1468 Cain
1059 1402 1188 1468 crimine
1216 1404 1302 1468 aliud

156 1508 325 1572 oblationis
350 1509 465 1572 uitium
491 1507 714 1573 discutiamus.
741 1510 885 1592 optulit
909 1529 927 1574 a
949 1510 1142 1575 fructibus
1167 1514 1299 1586 terrae,

116 1633 138 1670 (υ
155 1636 214 1681 non
240 1635 258 1678 a
280 1614 390 1696 primis
420 1615 578 1680 fructibus
605 1615 763 1696 primitias
792 1615 865 1681 deo:
890 1615 950 1681 hoc
979 1619 1028 1680 est
1055 1617 1210 1699 primitias
1240 1618 1301 1682 sibi

154 1723 243 1805 prius
275 1721 447 1799 uindicare,
481 1722 539 1787 deo
573 1726 680 1787 autem
713 1724 880 1804 sequentia
916 1723 1046 1788 deleme.
1084 1725 1190 1806 itaque
1229 1745 1301 1789 oum
1332 1735 1353 1786 Ι)

155 1829 259 1894 anima
282 1829 403 1912 corpori
426 1833 590 1910 tamquam
614 1849 705 1894 seruo
730 1829 858 1894 domina
881 1830 924 1894 sit
947 1832 1159 1913 praeferenda,
1191 1831 1301 1914 utique

153 1936 311 2018 primitias
346 1936 426 2014 eius,
463 1936 523 2000 boc
556 1939 607 2000 est
639 1936 736 2000 animi
767 1936 856 2018 prius
890 1956 984 2019 quarn
1019 1938 1157 2020 corporis
1191 1939 1301 2002 offerre

153 2042 317 2110 debemus.
336 2042 496 2124 primitiae
516 2042 636 2107 animae
655 2044 749 2125 primi
769 2046 875 2109 motus
897 2047 971 2108 sunt
989 2043 1141 2110 bonarum
1161 2044 1301 2128 discipli-

114 2167 136 2206 n
153 2168 275 2214 narum.
313 2169 393 2230 quae
425 2149 503 2215 licet
534 2152 677 2232 ternpore
709 2151 902 2232 posteriores
936 2151 1001 2216 sint
1032 2171 1125 2233 quarn
1160 2151 1298 2234 corporis

152 2255 321 2337 primitiae,
360 2275 439 2338 quae
473 2259 548 2321 sunt
579 2275 661 2335 esca,
694 2257 936 2336 incrementum,
970 2257 1071 2334 uisus,
1105 2257 1234 2322 eruditus
1269 2262 1299 2323 et

152 2366 268 2439 tactus,
294 2362 380 2440 odor,
403 2382 464 2427 uon
479 2401 522 2409 —
537 2382 626 2427 mens
651 2367 758 2428 autem
782 2367 815 2428 et
839 2383 952 2430 sensus
981 2383 1053 2447 pars
1073 2363 1206 2440 animae,
1224 2384 1297 2446 pars

151 2469 291 2552 eorporis
314 2473 432 2549 est—,
449 2473 554 2535 tamen
578 2471 699 2552 priores
723 2473 798 2534 sunt
822 2470 1008 2553 disciplinis.
1034 2488 1165 2553 quarum
1189 2470 1296 2552 primi-

148 2576 218 2641 tiua
241 2581 292 2641 est
313 2594 392 2659 puro
417 2576 510 2640 corde
533 2579 566 2641 et
588 2577 726 2659 simplici
750 2596 892 2642 sermone
917 2577 1022 2641 oblata
1046 2577 1103 2642 deo
1124 2577 1295 2660 gratiarum
1328 2579 1350 2631 n

70 2672 136 2743 4220
149 2685 244 2749 actio.
264 2684 343 2748 haec
357 2702 489 2747 munera
502 2683 619 2765 optulit
632 2684 724 2759 Abel,
740 2686 771 2748 et
784 2683 854 2748 ideo
868 2684 1006 2766 respexit
1021 2683 1097 2747 deus
1118 2684 1148 2747 in
1167 2703 1297 2748 munera

149 2791 229 2868 eius,
254 2789 402 2871 quoniam
422 2809 440 2853 a
457 2789 629 2871 primitinis
650 2790 777 2872 optulit.
803 2790 926 2855 accedit
944 2809 1017 2874 ergo
1039 2790 1113 2872 quia
1133 2790 1170 2854 de
1189 2790 1295 2873 primi-

147 2897 226 2961 tiuis
263 2896 372 2961 ouium
407 2899 438 2960 et
472 2896 510 2960 de
542 2896 688 2978 adipibus
722 2916 841 2961 earum.
875 2896 1040 2962 considera
1068 2897 1141 2979 quia
1168 2916 1228 2961 non
1258 2897 1296 2960 de

147 3002 399 3079 insensibilibus,
425 3002 481 3067 sed
505 3002 543 3067 de
567 3003 779 3068 animantibus
805 3005 931 3088 optulit.
957 3005 1031 3087 plus
1055 3007 1106 3068 est
1129 3003 1209 3068 enirn
1231 3004 1295 3067 ani·

146 3110 242 3175 malis
275 3129 369 3192 quarn
402 3113 558 3188 terrenus,
590 3110 748 3193 siquidem
781 3111 927 3177 animalis
962 3111 1122 3194 proximus
1161 3110 1295 3193 spiritali

105 3219 207 3281 esest.
241 3235 302 3280 non
335 3216 419 3280 enirn
451 3217 539 3299 prius
572 3217 657 3300 quod
689 3217 832 3299 spiritale
863 3221 922 3298 est,
952 3219 1008 3282 sed
1038 3219 1121 3301 quod
1151 3218 1294 3295 animale,

239 3478 252 3529 l
272 3475 352 3530 Philo
372 3476 404 3529 de
423 3494 490 3530 sacr.
512 3477 544 3530 19
565 3478 637 3542 (176,
657 3478 703 3540 22;
723 3477 816 3542 1231,
837 3480 853 3532 2
875 3479 915 3544 0.)
957 3509 958 3514 =
985 3481 1001 3532 9
1021 3479 1099 3532 Philo
1120 3479 1152 3532 de
1173 3497 1239 3533 sacr.
1260 3483 1294 3535 20

146 3566 220 3629 (176,
241 3566 288 3628 46;
308 3565 322 3617 I
341 3566 402 3629 232,
421 3566 438 3618 2
459 3565 501 3630 (7.)
577 3567 610 3620 15
629 3565 708 3620 Philo
728 3566 761 3620 de
780 3585 848 3623 sacr.
868 3569 903 3622 20
922 3569 995 3639 (177,
1016 3570 1046 3623 11
1055 3590 1061 3632 ;
1081 3569 1094 3621 I
1115 3570 1176 3632 232,
1197 3571 1227 3622 11
1251 3571 1291 3631 0.)

146 3655 180 3708 20
199 3653 268 3707 Gen.
286 3656 313 3719 4,
331 3656 349 3707 4
367 3653 447 3707 Philo
467 3652 500 3707 de
520 3670 585 3707 sacr.
605 3656 639 3708 27
658 3655 731 3725 (180,
750 3658 797 3720 41;
818 3656 832 3710 Ι
851 3658 911 3721 238,
933 3659 965 3713 16
987 3659 1027 3724 ί.)

182 3830 339 3886 bbomines
359 3829 469 3898 quidam
486 3830 515 3882 B
569 3831 657 3883 bsibi
676 3847 726 3885 om.
745 3831 783 3885 Μ
840 3836 979 3887 arc-cecant
997 3834 1093 3887 MPP¹
1112 3835 1292 3889 accersuntB

145 3918 285 3976 etm2V
336 3917 475 3987 doptulit
493 3917 763 3974 SAA¹P¹Vobtulit
782 3927 829 3976 cet.
886 3927 962 3976 anal
981 3922 1029 3976 ΒΡ
1047 3927 1105 3992 ((112
1124 3923 1169 3991 de)
1225 3925 1292 3979 lOa

144 4015 186 4063 ml
205 4008 255 4062 SP
273 4009 332 4071 (m2
350 4006 394 4075 de)
451 4007 481 4060 11
498 4014 563 4075 post
582 4025 640 4061 cum
661 4009 726 4062 add.
746 4026 810 4063 uero
830 4011 856 4063 Β
907 4013 939 4065 13
959 4012 1064 4065 animae
1083 4012 1110 4064 Β
1160 4015 1193 4067 14
1212 4014 1291 4082 primi

144 4101 234 4152 motus
254 4095 418 4149 SMAA‘M‘
437 4097 568 4165 primatus
586 4097 707 4150 BPP‘V
776 4101 807 4153 15
828 4100 873 4169 qui
892 4099 929 4152 M
991 4101 1024 4154 20
1044 4101 1145 4170 optulit
1163 4101 1219 4156 ΒΡ
1226 4102 1251 4154 V
1267 4109 1291 4156 et

145 4189 173 4257 (p
193 4186 275 4252 eceb)
294 4185 322 4238 B
341 4185 505 4241 obtulitcet.
597 4188 629 4240 21
651 4187 906 4258 aSm1(m2de)
979 4189 1290 4259 optulitSAA¹P‘Vel

145 4279 174 4345 (p
192 4291 227 4329 ex
244 4274 272 4339 b)
291 4274 318 4327 B
338 4274 439 4327 obtulit
457 4281 503 4329 cet.
559 4277 594 4329 23
613 4277 714 4346 optulit
728 4276 827 4331 AA¹P⁴
834 4278 860 4330 V
877 4285 901 4332 et
921 4281 948 4348 (p
968 4295 1001 4332 ecc
1020 4278 1047 4342 b)
1067 4279 1093 4332 B
1112 4281 1229 4333 occurrit
1250 4281 1290 4347 (0(

144 4381 194 4432 nep.
215 4362 326 4429 obtulit)
347 4364 374 4416 P
392 4363 493 4417 obtulit
512 4370 558 4418 cet.
633 4365 801 4421 estanar
853 4369 887 4422 25
907 4373 949 4421 est
970 4368 1018 4422 alt.
1034 4385 1085 4422 ona
1106 4369 1132 4421 V
