3142 4967
279 444 345 510 386
748 439 947 494 Ambrosii

279 637 374 701 ditur.
407 637 453 700 ita
480 636 552 699 finis
581 636 690 700 nullus
718 635 774 700 ubi
802 635 873 700 linis
902 639 1042 719 putatur.
1071 635 1155 702 uude
1182 637 1269 701 uotis
1294 640 1326 702 et
1348 657 1425 720 pura

279 742 471 808 conscientia
504 747 536 806 et
567 742 682 826 spiritu
719 743 860 807 caritatis
898 743 1125 811 adhaereamus
1163 743 1220 809 deo
1253 749 1361 808 nostro
1394 749 1426 809 et

279 848 423 914 diuinum
452 850 542 914 uobis
566 848 774 916 conciliemus
798 850 938 915 fauorem
962 853 1126 933 precantes
1149 853 1187 914 ut
1210 851 1425 916 saecularibus

278 957 363 1021 curis
392 960 553 1038 tamquam
581 957 620 1020 ab
648 956 814 1022 inmitibus
843 960 876 1022 et
903 957 1082 1043 agrestibus
1107 957 1241 1022 dominis
1264 957 1426 1039 possimus

278 1062 404 1128 absolui
431 1066 526 1145 atque
554 1062 626 1128 erui
652 1063 877 1147 mundanoque
904 1064 986 1129 exire
1014 1064 1156 1140 seruitio,
1185 1064 1216 1128 in
1245 1064 1426 1129 libertatem
1456 1090 1467 1127 a

278 1189 432 1252 supernae
456 1171 658 1256 cognitionis,
681 1189 762 1253 quae
795 1191 870 1236 uera
903 1175 935 1236 ot
967 1169 1035 1237 sola
1067 1174 1117 1236 est
1144 1171 1285 1248 libertas,
1310 1171 1425 1237 uocati.

180 1275 311 1358 a,1oer
342 1280 380 1342 ut
401 1279 606 1361 praeceptum
637 1277 720 1362 legis
752 1279 896 1360 exemplo
929 1278 1141 1356 adstruamus,
1171 1296 1244 1342 cum
1272 1277 1425 1360 deprime
1467 1297 1549 1352 puin

277 1387 348 1449 rent
369 1383 519 1469 Aegyptii
541 1383 730 1449 Iudaeorum
753 1385 909 1467 populum
933 1385 964 1448 in
994 1384 1142 1468 operibus
1170 1384 1268 1448 uariis
1297 1388 1331 1448 et
1357 1385 1424 1448 luto

279 1509 315 1554 ac
338 1489 454 1573 lapide,
481 1491 706 1575 ingemuerunt
733 1491 792 1554 filii
814 1491 951 1556 Istrahel
976 1495 1006 1556 et
1030 1491 1150 1556 domini
1172 1493 1425 1573 prouccauerunt

278 1598 310 1661 in
321 1617 356 1660 se
370 1597 628 1662 misericordiam.
645 1601 677 1664 et
692 1598 771 1662 dixit
785 1598 825 1662 ad
839 1599 986 1681 Moysen:
1007 1619 1078 1682 ego
1098 1597 1290 1663 exaudiui
1310 1597 1424 1682 gemi-
1443 1625 1465 1662 ω

277 1707 361 1768 turn
381 1705 566 1769 filiorum
584 1706 775 1780 Istrahel,
801 1706 998 1788 quomodo
1018 1705 1214 1790 Aegyptii
1238 1705 1276 1768 in
1301 1705 1423 1769 serui-

280 1813 409 1876 tutem
437 1811 671 1894 deprimunt
694 1831 777 1889 eos,
803 1815 841 1876 et
863 1831 1011 1879 memor
1032 1814 1170 1878 iactus
1194 1831 1279 1876 sum
1303 1815 1422 1876 testa-

279 1919 404 1982 menti
422 1919 509 1983 mei.
530 1918 632 1984 uade
656 1922 696 1983 et
714 1918 777 1983 dic
796 1919 905 1984 filiis
926 1919 1122 1984 Istrahel:
1144 1938 1215 2004 ego
1237 1919 1423 1983 dominus

280 2029 320 2087 et
342 2024 508 2091 educam
531 2045 604 2091 uos
628 2026 673 2090 de
696 2027 882 2108 potentia
909 2027 1204 2110 Aegyptiorum
1228 2029 1267 2090 et
1291 2043 1423 2090 eruam

280 2149 353 2196 uos
377 2132 422 2196 de
446 2133 654 2198 seruitute
678 2151 811 2198 eorum
837 2135 876 2197 et
899 2133 1083 2198 liberabo
1109 2153 1179 2198 uos
1199 2133 1237 2197 iu
1255 2132 1422 2196 brachio
1443 2157 1463 2195 n
1480 2136 1496 2188 ι’

281 2239 879 2324 excelsoetiudiciomagnoet
901 2259 1139 2306 sumumuos
1163 2239 1263 2304 mihi
1287 2239 1326 2302 in
1350 2239 1425 2322 ple·

279 2345 365 2409 bern
384 2348 423 2410 et
442 2366 506 2413 ero
526 2350 666 2412 uester
684 2346 794 2426 deus,
815 2350 853 2412 et
872 2347 1019 2412 scietis
1040 2347 1229 2430 qnoniam
1250 2365 1323 2430 ego
1343 2365 1424 2410 euru

279 2452 467 2518 dominus
494 2454 591 2518 deus
615 2458 765 2531 uester,
790 2455 857 2537 qui
883 2455 1048 2520 educam
1072 2473 1144 2518 noe
1169 2454 1213 2518 de
1237 2453 1424 2535 potentia

280 2559 574 2644 Aegyptiorum
606 2564 645 2626 et
671 2561 862 2626 inducam
891 2579 963 2626 uos
992 2561 1030 2625 iu
1059 2563 1223 2637 terram,
1248 2561 1287 2624 in
1312 2579 1423 2642 quam

281 2667 442 2731 extendi
460 2687 615 2732 manum
638 2687 771 2732 meum.
793 2687 866 2733 ecce
881 2669 1039 2750 quomodo
1052 2669 1192 2752 populus
1208 2667 1422 2732 Hebraeorum
1439 2691 1463 2730 sc

279 2770 385 2836 fructu
409 2774 548 2838 mutauit
569 2774 721 2853 laborem,
745 2777 783 2838 ut
806 2775 861 2857 qui
884 2775 914 2838 iu
934 2776 1002 2839 luto
1024 2775 1211 2857 operabatur
1230 2793 1320 2856 spem
1338 2772 1422 2856 regui

279 2882 463 2960 operaretur
480 2881 609 2948 aeterni.
628 2880 699 2945 ideo
719 2884 753 2946 et
766 2881 914 2946 dominus
930 2882 962 2946 in
977 2881 1141 2966 euangelio
1156 2881 1280 2945 inanem
1294 2880 1422 2963 populo-

278 3005 349 3049 rum
369 2987 537 3070 gentilium
554 2989 724 3052 mieeratus
744 2989 895 3068 lahorem,
912 2989 967 3071 qui
979 2988 1096 3052 luteres
1111 2989 1330 3053 construerent
1342 2987 1422 3050 lutu-
1460 3061 1465 3070 ⁸

277 3094 383 3157 lentae
411 3095 630 3175 superstitioni
653 3097 686 3157 et
708 3095 869 3178 uoluptati
897 3096 1034 3177 corporis
1059 3094 1168 3160 dediti.
1192 3093 1329 3159 solidum
1353 3090 1422 3157 fidei
1478 3095 1497 3147 p

279 3218 406 3262 murum
431 3199 594 3264 aedificare
617 3220 678 3266 non
702 3205 844 3282 possent,
869 3203 961 3266 uelut
983 3201 1023 3266 ad
1041 3201 1197 3284 quosdam
1216 3201 1323 3265 asinae
1341 3200 1421 3264 istus
1438 3223 1462 3262 se
1546 3289 1547 3292 Ἴ

279 3307 409 3370 locutus
428 3306 487 3369 ait:
512 3306 652 3371 uenite
673 3307 718 3372 ad
739 3326 796 3372 me
817 3327 951 3372 omnes
971 3308 1040 3391 qui
1059 3307 1272 3385 laboretis,
1296 3310 1335 3372 et
1352 3323 1420 3390 ego
1546 3297 1547 3306 ’

280 3431 353 3478 uos
385 3412 584 3478 reficiam.
622 3414 767 3480 tollite
800 3415 938 3500 iugum
970 3434 1096 3480 meum
1130 3433 1252 3497 super
1284 3431 1354 3478 uos
1385 3415 1421 3475 et

280 3519 431 3584 discite
456 3539 474 3584 a
499 3539 556 3584 me
580 3522 674 3604 quia
705 3521 819 3587 mitis
853 3541 937 3587 sum
966 3526 1004 3586 et
1032 3522 1203 3586 humilis
1233 3519 1361 3597 corde,
1384 3523 1420 3582 et

280 3628 510 3694 inuenietis
547 3628 731 3711 requiem
769 3631 914 3694 animis
954 3629 1120 3696 uestris.
1160 3649 1223 3713 qua
1259 3629 1418 3694 uocatione

370 3871 649 3941 5UergEcl.140
695 3872 814 3928 8Exod.
833 3875 858 3940 2,
878 3875 912 3928 '23
960 3875 993 3929 10
1013 3873 1094 3929 Exod.
1115 3875 1140 3940 6,
1160 3875 1231 3929 5-9
1277 3871 1417 3929 runaut.

282 3961 325 4022 11,
344 3961 378 4014 28
397 3978 437 4030 sq.

316 4086 333 4138 3
352 4100 369 4138 a
386 4084 570 4140 saecularibus
588 4087 630 4142 ed.
649 4087 743 4142 Puris.
758 4105 785 4142 c.
801 4091 874 4142 1661
911 4089 943 4142 16
963 4105 1093 4142 summam
1108 4089 1151 4144 Μ’
1170 4095 1195 4142 et
1213 4090 1251 4158 (m
1270 4088 1348 4154 aas)
1361 4085 1421 4140 MP

279 4173 312 4226 21
333 4191 408 4244 spem
427 4174 526 4228 ΜΛΝ
545 4193 592 4244 spe
611 4183 658 4229 cet.
767 4179 802 4231 22
821 4177 883 4231 ideo
904 4181 932 4232 et
950 4177 1048 4231 Man*
1069 4181 1096 4232 et
1115 4177 1176 4232 ideo
1196 4185 1253 4240 ret,
1271 4180 1334 4246 sort.
1352 4181 1420 4230 recle

314 4263 458 4330 gentilium
477 4264 637 4334 populorum
655 4265 683 4320 P
753 4266 789 4319 23
807 4266 901 4320 lateris
920 4266 997 4320 Met
1015 4268 1094 4337 (corr.
1112 4271 1164 4332 rrrl)
1184 4267 1220 4321 P‘
1291 4265 1418 4322 coustitu-

281 4354 357 4402 erent
376 4351 445 4404 BM‘
498 4353 533 4406 29
552 4353 695 4408 animabus
713 4354 864 4409 AA‘BPV
