3142 4967
280 484 345 574 420
621 509 625 514 ·
746 483 944 539 Ambrosii

279 699 350 743 nem
384 680 441 744 illa
472 681 556 746 lecta
589 684 686 759 erant,
719 700 756 745 eo
791 680 901 761 utique
935 679 1039 744 deleto
1066 681 1195 762 propter
1223 698 1317 761 quern
1347 680 1431 744 lacta

281 791 357 852 sunt
385 806 580 870 consequens
609 792 676 853 erat
702 792 740 852 ut
768 788 863 851 etiam
887 787 943 850 illa
967 786 1155 863 delerentur,
1181 786 1340 869 quianon
1366 790 1433 851 erat

281 894 334 976 qui
360 895 409 958 his
434 898 586 960 uteretur.
621 913 717 959 sensu
741 896 847 958 autem
873 892 984 959 altiore
1007 893 1088 958 illud
1111 893 1335 959 manifestatur
1359 894 1432 975 quia

280 1002 375 1065 homo
399 1019 489 1064 mens
514 1003 573 1077 est,
598 1020 677 1081 quae
702 1004 752 1064 est
773 999 906 1065 rationis
931 1018 1041 1084 capar3
1065 1001 1160 1066 bomo
1182 1000 1264 1065 enim
1286 998 1434 1064 definitur

281 1106 397 1171 animal
429 1106 544 1171 urinum
576 1107 709 1171 mortale
742 1106 939 1173 rationabile.
973 1106 1140 1189 principali
1167 1107 1267 1191 igitur
1294 1106 1468 1171 extinctos

281 1212 377 1277 etiam
408 1232 521 1278 sensus
546 1214 647 1278 omnis
671 1212 790 1295 puriter
814 1213 1017 1296 extinguitur,
1046 1232 1081 1277 eo
1107 1214 1192 1295 quod
1215 1212 1295 1277 nibil
1318 1212 1433 1295 reliqui

281 1320 473 1385 adsalutem
490 1321 637 1404 supersit,
659 1340 729 1385 cum
751 1322 865 1385 salutis
886 1320 1128 1385 fundamentum
1148 1319 1251 1384 uirtus
1271 1320 1432 1387 deiecerit.

281 1428 321 1513 ad
345 1427 640 1492 condemnationem
665 1431 771 1492 autem
796 1430 973 1492 ceterorum
999 1430 1030 1491 et
1054 1426 1093 1491 ad
1118 1426 1350 1510 expressionem
1371 1427 1432 1510 pie·
1486 1436 1503 1489 E

281 1535 358 1599 tatis
379 1533 505 1599 diuinae
525 1534 642 1598 dicitur
661 1534 730 1598 Noe
755 1533 838 1616 apud
863 1533 957 1598 deum
981 1532 1142 1598 inuenisse
1166 1534 1311 1619 gratiam.
1338 1532 1432 1597 simul

282 1641 461 1705 ostenditur
470 1642 554 1724 quod
570 1641 730 1706 hominem
745 1640 867 1705 iustum
882 1660 942 1705 non
960 1640 1127 1705 obumbret
1141 1640 1275 1705 aliorum
1291 1642 1432 1718 offensio,
1449 1668 1471 1706 u

283 1747 408 1831 quando
432 1748 501 1831 ipse
527 1747 564 1812 ad
589 1748 690 1812 totius
714 1751 897 1812 reseruntur
921 1748 1044 1831 generis
1065 1748 1279 1817 seminarium.
1300 1748 1432 1830 quinon

282 1855 496 1939 generationis
529 1854 706 1930 nobilitate,
741 1854 798 1919 sed
830 1854 973 1918 iustitiae
1011 1859 1043 1919 et
1079 1853 1283 1937 perfectionis
1321 1854 1432 1919 merito

281 1961 441 2027 laudatur.
465 1962 590 2042 probati
610 1962 693 2025 enim
712 1961 774 2025 uiri
798 1980 900 2044 genus
924 1960 1081 2025 uirtutum
1105 1960 1252 2043 prosapie
1277 1962 1337 2035 est,
1362 1960 1434 2042 quia

282 2069 368 2134 sicut
395 2069 559 2133 hominum
589 2088 688 2153 genus
717 2068 861 2133 homines
890 2068 936 2133 ita
964 2070 1138 2133 animarum
1168 2086 1268 2153 genus
1297 2068 1433 2133 uirtutes

283 2178 368 2239 sunt.
394 2175 510 2239 etenim
534 2175 673 2240 familiae
696 2176 862 2239 hominurn
887 2174 1052 2258 splendore
1073 2176 1197 2260 generis
1216 2175 1503 2253 nobilitentur,1eF
1546 2222 1547 2231 1

283 2282 457 2347 animarum
483 2287 590 2346 autem
615 2282 806 2347 clarificatur
830 2282 931 2367 gratia
956 2282 1122 2365 splendore
1147 2283 1290 2349 uirtutis.

193 2384 277 2467 5,ss
328 2388 514 2473 Corrupto
542 2392 600 2454 est
624 2392 746 2454 autem
770 2391 873 2452 terra
897 2407 1017 2453 coram
1044 2388 1108 2453 deo
1135 2393 1171 2453 et
1194 2389 1352 2471 impleta
1377 2389 1432 2453 est
1470 2396 1532 2451 ater

281 2496 386 2579 inquit
414 2496 623 2561 iniustitia.
656 2514 752 2560 eausa
779 2499 921 2560 terrenae
950 2496 1148 2577 corruptelae
1176 2496 1347 2563 manifesta
1374 2502 1429 2574 est,

282 2623 318 2667 eo
334 2604 418 2687 quod
431 2602 591 2668 iniustitia
608 2603 771 2667 hominum
791 2608 906 2667 terram
927 2603 1112 2684 corruperit.
1131 2602 1215 2667 unde
1234 2606 1266 2668 et
1285 2602 1429 2668 dominus

283 2710 360 2774 deus
390 2710 448 2775 ait:
482 2714 632 2792 tempus
662 2712 780 2773 omnis
810 2708 973 2774 hominis
1002 2710 1108 2774 uenit
1136 2712 1220 2774 ante
1249 2730 1320 2786 me,
1346 2708 1498 2791 quisae

281 2817 443 2899 impleta
475 2822 533 2882 eet
565 2822 664 2881 terra
697 2813 974 2899 iniquitatibus
1012 2816 1103 2883 suis.
1141 2820 1269 2898 tempus
1304 2817 1429 2900 quidem

283 2925 422 2989 omnium
451 2925 618 2990 hominum
646 2925 678 2987 iu
708 2927 881 3008 conspectu
906 2924 956 2988 dei
980 2923 1065 2987 etin
1090 2924 1159 2989 eius
1184 2924 1350 2989 uoluntate
1374 2930 1428 2991 est.

282 3049 343 3094 non
381 3030 474 3107 enim,
512 3034 549 3094 ut
586 3032 684 3115 uulgo
718 3032 817 3109 aiunt,
852 3032 947 3097 letale
981 3031 1143 3096 decretum
1176 3031 1344 3115 allegatur,
1378 3030 1428 3096 sed

282 3140 386 3201 tamen
425 3138 607 3220 specialiter
642 3139 693 3203 hic
728 3138 849 3203 dictum
882 3142 971 3222 puto,
1005 3138 1078 3221 quia
1110 3140 1140 3202 in
1175 3138 1341 3223 euangelio
1374 3158 1427 3203 suo

284 3243 430 3308 dominus
463 3244 686 3327 redempturus
714 3246 879 3310 hominum
909 3264 1008 3329 genus
1036 3244 1183 3327 passione
1212 3245 1262 3309 sui
1291 3244 1427 3329 corporis
1444 3270 1465 3309 a
1544 3296 1545 3347 p

283 3354 316 3414 et
338 3350 566 3415 emundaturus
592 3352 747 3435 sunguine
772 3371 830 3416 suo
856 3355 1117 3433 sacramentoque
1140 3350 1345 3434 baptismatis
1372 3350 1426 3417 ait:

371 3560 387 3613 5
408 3560 484 3613 Stob.
504 3558 562 3613 Eel.
582 3558 594 3612 l
615 3562 658 3619 49,
679 3562 695 3614 3
751 3562 767 3613 9
788 3560 854 3614 Gen.
876 3562 900 3623 6,
920 3560 936 3613 8
955 3560 1033 3613 Philo
1054 3558 1167 3626 Quaest.
1186 3560 1200 3613 I
1219 3560 1253 3615 96
1310 3561 1342 3614 17
1362 3558 1423 3615 Gen.

283 3650 307 3712 6,
328 3650 359 3701 11
381 3647 460 3701 Philo
481 3646 592 3712 Quaest.
611 3648 625 3701 Ι
644 3648 678 3702 98
735 3650 770 3704 90
790 3648 856 3703 Gen.
877 3650 902 3713 6,
926 3650 957 3703 13

319 3774 441 3841 lerant]
462 3775 527 3825 sunt
548 3772 580 3826 T‘
644 3774 774 3828 5uiuum
793 3790 844 3828 om.
863 3774 891 3827 B
963 3774 1095 3827 rationale
1115 3774 1143 3827 B
1164 3774 1205 3839 (iu
1224 3790 1278 3842 quo
1296 3771 1422 3827 rationale

281 3862 406 3929 mortale]
426 3861 456 3915 N
529 3878 593 3931 ergo
612 3863 639 3914 B
711 3864 840 3916 extinctio
862 3863 888 3915 P
905 3862 925 3933 (i
945 3862 993 3915 ull.
1014 3864 1094 3927 eros.)
1176 3863 1313 3932 lipariter
1330 3878 1378 3915 om.
1396 3858 1426 3913 N

283 3952 298 4004 9
319 3951 434 4022 gratiam
453 3950 590 4004 inuenisse
609 3950 640 4004 N
710 3951 843 4019 simulque
867 3952 891 4003 Τ
946 3952 978 4005 13
998 3950 1129 4004 uirtutum
1153 3950 1281 4005 Tuirum
1300 3951 1360 4019 (del.
1382 3950 1420 4013 Τ)

282 4039 393 4092 uirtutis
407 4039 497 4092 PT¹B
510 4039 562 4103 uiri
582 4040 634 4093 uiri
653 4040 763 4093 uirtutis
776 4039 811 4092 N
880 4038 1065 4109 prosapientia
1083 4040 1107 4092 T
1120 4040 1244 4109 prosapie
1258 4040 1320 4109 (om.
1335 4042 1383 4105 est)
1397 4038 1421 4090 B

285 4130 316 4181 16
337 4132 425 4181 autern
446 4144 498 4184 om.
521 4127 552 4180 T⁴
610 4129 642 4181 18
662 4128 817 4197 iniquitatis
836 4128 973 4182 iniustitia
993 4134 1054 4195 (orn.
1073 4130 1174 4198 inquit)
1196 4130 1221 4181 B
1285 4128 1421 4183 manifesta

281 4216 309 4268 B
327 4217 505 4270 manifestata
523 4222 570 4271 cet.
675 4218 707 4271 19
726 4218 889 4279 iniustitiam
910 4218 938 4271 P
1018 4218 1052 4271 23
1066 4218 1163 4286 -uulgo
1182 4218 1210 4271 P
1228 4220 1271 4283 (ut
1288 4234 1309 4271 e.
1328 4233 1421 4281 rema

282 4305 327 4357 uel
346 4322 359 4358 e
378 4312 459 4369 erce.)
534 4308 568 4359 23
587 4304 666 4359 fatali
686 4307 706 4367 (i
725 4308 757 4359 in
776 4311 843 4373 ros.)
865 4306 973 4361 decreto
995 4312 1021 4373 (o
1040 4307 1072 4359 iu
1089 4306 1158 4377 ras.)
1181 4306 1207 4359 T
1295 4306 1421 4376 allegatur

281 4394 380 4460 acra'pse'
399 4394 529 4462 alligatur
548 4395 614 4449 libri
667 4397 701 4448 94
721 4412 769 4448 suo
789 4412 841 4450 om.
860 4395 894 4448 N
946 4398 980 4451 26
999 4413 1048 4449 suo
1068 4396 1199 4465 sangnine
1219 4396 1245 4449 B
