3142 4967
276 406 340 470 242
750 398 948 453 Ambrosii

275 618 311 663 er
342 603 375 662 to
408 602 507 662 exeat.
539 616 601 659 non
634 594 673 660 do
701 594 771 659 cibo
802 593 882 671 dieo,
912 594 966 675 qui
996 592 1183 657 absorbetur
1211 598 1243 659 et
1271 597 1420 679 egeritur,

274 706 331 770 sed
359 706 397 770 de
427 703 621 787 cogitatione
645 702 727 775 dieo,
752 700 790 765 de
815 718 958 765 sermone
983 700 1104 765 adsero.
1130 718 1191 764 non
1215 702 1312 767 intret
1334 704 1366 767 in
1390 708 1422 767 te

272 813 367 877 alieni
395 811 458 875 tori
486 809 754 892 eoncupiscentia,
783 826 844 871 non
868 807 993 889 inrepat
1016 806 1047 869 in
1072 810 1161 871 tuam
1185 812 1335 888 mentem,
1360 830 1420 873 nou

272 920 375 1001 rapiat
396 917 511 983 ooulus
535 917 729 981 transeuntis
752 914 889 980 feminae
912 912 1196 996 pulchritudinem,
1216 914 1342 979 animus
1362 934 1420 981 non

271 1026 423 1102 includat,
452 1044 513 1089 non
542 1042 644 1087 sermo
673 1027 750 1086 tuus
778 1023 1081 1103 temptamentorum
1110 1020 1275 1085 machinas
1303 1026 1419 1100 nectat,
1448 1044 1459 1083 a

272 1151 333 1196 non
365 1131 396 1195 in
430 1131 503 1195 dolo
535 1129 659 1212 prodat,
691 1148 752 1193 non
785 1126 942 1191 maledieo
975 1126 1154 1207 proximum
1187 1131 1335 1211 aspergat
1367 1129 1420 1192 ob-

272 1240 409 1322 probrio.
433 1244 617 1302 uenatorem
636 1242 668 1299 te
687 1236 764 1299 feoit
782 1235 871 1309 deus,
892 1253 952 1297 non
973 1241 1231 1318 expugnatorem,
1251 1234 1306 1317 qui
1326 1234 1419 1299 dixit:
1478 1235 1497 1287 Β

273 1366 364 1412 eooe
409 1346 531 1410 mitto
577 1347 796 1408 uenatores
838 1342 1007 1415 multoe,
1049 1346 1217 1405 uenatores
1259 1360 1320 1405 non
1363 1341 1419 1406 ori-

271 1454 378 1531 minis,
411 1452 467 1517 sed
499 1450 721 1523 absolutionis,
754 1452 921 1512 uenatores
954 1466 1015 1511 nou
1055 1447 1167 1529 eulpae
1205 1447 1327 1529 utique,
1365 1448 1420 1512 sed

273 1561 403 1645 gratiae.
444 1560 584 1642 piscator
626 1557 745 1623 Christi
788 1574 832 1631 ee,
876 1554 927 1619 oui
970 1553 1104 1617 dieitur:
1152 1553 1291 1617 amodo
1340 1553 1419 1617 eris
1437 1580 1459 1619 n

271 1667 454 1732 homines
479 1665 721 1730 uiuifioaus.
747 1664 794 1726 sio
818 1661 910 1725 mitte
934 1660 1016 1724 retia
1039 1664 1105 1735 tua,
1130 1660 1176 1723 sio
1197 1658 1288 1723 mitte
1309 1661 1418 1724 oeulos

271 1778 356 1847 tuos,
393 1772 440 1837 oio
478 1772 571 1836 mitte
609 1788 769 1834 sermones
807 1771 890 1845 tuos,
929 1770 967 1829 ut
1003 1766 1127 1830 nullum
1161 1766 1331 1848 obprimes,
1366 1767 1419 1831 sed

271 1882 402 1946 adleues
425 1880 645 1944 fluctuantem.
670 1874 841 1940 adtende
864 1874 971 1957 inquit
995 1873 1083 1937 tibi.
1109 1874 1154 1937 sio
1175 1876 1235 1951 sta,
1255 1892 1295 1938 ne
1314 1873 1418 1953 cadas,

271 1989 318 2053 sio
351 2006 451 2065 curre,
486 1989 522 2049 ut
555 1985 595 2048 ad
627 1984 773 2048 brabium
806 1982 983 2062 peruenias,
1018 1981 1063 2045 sio
1098 1985 1229 2057 certate,
1259 1989 1297 2046 ut
1325 2001 1418 2063 saepe

271 2094 432 2171 decernas,
462 2092 536 2173 quia
563 2090 708 2173 legitimo
738 2089 871 2153 debetur
900 2108 1022 2153 oorona·
1043 2089 1218 2153 certamini.
1247 2090 1340 2153 miles
1374 2108 1416 2163 ee,
1435 2096 1496 2158 rat

271 2199 397 2263 hostem
425 2200 594 2282 diligenter
620 2197 757 2279 explora,
785 2215 824 2259 ne
853 2196 912 2259 tibi
936 2199 1109 2260 nocturnus
1134 2196 1274 2277 inrepat3
1300 2196 1418 2259 athleta

272 2324 316 2384 es,
343 2306 490 2369 manibus
521 2304 701 2368 aduersario
730 2304 859 2386 propior
883 2306 953 2367 esto
978 2320 1073 2384 quam
1097 2302 1201 2379 ruritu,
1227 2322 1264 2365 ue
1289 2304 1418 2367 oculum

271 2410 364 2476 feriat
386 2415 488 2476 tuum.
511 2410 591 2474 liber
615 2412 748 2491 optutus
772 2410 825 2487 sit,
850 2413 984 2492 argutus
1007 2409 1165 2486 incessus,
1186 2412 1222 2473 ut
1241 2408 1416 2474 irruentem

271 2518 424 2593 effundes,
457 2518 621 2582 cedentem
650 2535 798 2597 occupes,
827 2518 946 2579 uulnus
976 2515 1124 2599 uigilanti
1154 2518 1285 2597 aspeotu
1315 2534 1415 2588 erens,

270 2624 345 2687 forti
377 2642 550 2707 congressu
583 2622 729 2705 repellas.
758 2620 843 2704 quod
872 2622 900 2685 si
928 2622 1026 2685 fueris
1055 2622 1252 2697 uulneratus,
1283 2621 1416 2686 adtende
1433 2652 1459 2693 ,ο

268 2730 339 2807 tibi,
359 2748 448 2795 cume
468 2731 508 2794 ad
526 2731 696 2806 medicum,
714 2747 828 2811 quaero
848 2729 1024 2793 remedium
1043 2729 1266 2810 paenitentiae.
1282 2728 1416 2793 adtende

269 2836 340 2915 tibi,
369 2838 443 2918 quia
472 2856 598 2901 carnem
621 2836 730 2910 habes,
755 2856 836 2917 quae
860 2837 923 2901 oito
947 2836 1075 2900 labitur.
1100 2836 1209 2901 ueniat
1231 2836 1292 2900 tibi
1315 2837 1415 2901 bonus

268 2942 445 3008 animorum
459 2943 605 3007 medicus
620 2963 723 3008 senno
739 2944 880 3019 diuinus,
901 2948 1051 3027 aspergat
1068 2943 1128 3007 tibi
1148 2943 1275 3007 oracula
1295 2942 1414 3008 domini

268 3052 432 3131 tamquam
456 3050 689 3113 medicamenta
713 3050 863 3113 salubria.
888 3049 1023 3113 adtende
1047 3050 1117 3127 tibi,
1142 3069 1180 3115 no
1204 3050 1261 3114 fiat
1284 3050 1416 3115 uerbum

232 3180 265 3218 ,Γ
306 3227 324 3236 ..

236 3251 241 3267 .

357 3288 374 3343 8
392 3290 468 3343 Hier.
489 3292 531 3353 16,
553 3290 586 3343 16
643 3291 676 3345 10
693 3290 758 3345 Luc.
777 3294 803 3355 5,
820 3292 852 3346 10
872 3290 917 3355 (oi.
932 3292 1007 3345 Hier.
1024 3292 1065 3355 16,
1084 3294 1127 3360 16)
1187 3294 1218 3347 15
1234 3292 1261 3345 11
1275 3292 1343 3347 Tim.
1359 3295 1385 3357 2,
1400 3296 1415 3345 5

270 3379 302 3431 19
321 3377 403 3448 Uerg.
422 3380 489 3432 Aen.
509 3379 533 3432 V
551 3378 604 3434 438

305 3518 319 3571 1
339 3517 494 3573 absorbitur
509 3518 533 3571 0
538 3518 559 3571 V
574 3525 600 3572 et
615 3524 694 3586 (corr.
709 3523 766 3584 7112)
782 3519 810 3572 P
863 3520 879 3573 2
898 3519 925 3572 in
941 3524 968 3572 te
984 3520 1068 3573 intret
1081 3520 1118 3575 Ν*
1173 3522 1191 3574 4
1206 3522 1299 3576 oculus
1312 3526 1376 3577 tuus
1390 3522 1413 3577 tt

302 3610 473 3661 transeuntes
495 3608 518 3661 0
536 3609 583 3672 (·is
601 3612 659 3675 m3)
732 3609 1053 3663 btemtementorumC
1113 3609 1212 3664 6dolo
1231 3610 1263 3665 N
1279 3609 1411 3665 doloreIl

302 3699 431 3765 aspergat
447 3696 472 3749 0
488 3701 616 3765 aspergat
629 3703 676 3753 cet.
733 3697 1146 3767 inenetoren10(se.eolt.)
1201 3697 1413 3753 seooesseoce

267 3783 366 3852 egoN
414 3784 563 3839 inerms
574 3786 663 3840 Brua.
680 3788 780 3853 (aest)
798 3788 901 3839 estrat.
958 3787 1053 3840 amodo
1069 3788 1122 3841 eris
1136 3787 1371 3859 homines(·mod
1383 3789 1414 3842 ia

267 3888 323 3925 roo.
338 3875 359 3925 2
372 3872 423 3927 litt.
440 3878 465 3926 et
479 3874 532 3926 eris
546 3874 589 3943 bo:
606 3880 685 3929 extra
698 3880 738 3940 u.)
756 3874 780 3929 0
835 3876 867 3929 13
882 3874 992 3929 adleues
1006 3876 1033 3929 B
1047 3875 1148 3929 alleues
1162 3880 1210 3929 m2
1223 3876 1274 3931 00
1289 3876 1413 3931 absolone

266 3960 334 4015 uns
347 3960 457 4015 ebleues
473 3960 524 4014 00
533 3965 576 4015 ml
585 3967 632 4016 cet.
687 3963 851 4017 fluctuantes
869 3963 952 4017 iliad.
966 3968 991 4017 et
1004 3966 1072 4032 (em
1084 3968 1164 4031 corr.)
1177 3964 1266 4019 Barea.
1306 3966 1339 4018 14
1352 3964 1411 4019 bra·

265 4048 340 4101 bium
359 4047 397 4100 Μ
402 4054 446 4102 ml
467 4048 609 4103 brachium
633 4050 659 4105 V
679 4052 804 4105 breuiunr
822 4052 859 4105 M
880 4056 928 4107 m2
952 4059 998 4107 oet.
1092 4054 1125 4109 15
1149 4052 1221 4107 milis
1244 4052 1267 4107 0
1288 4060 1313 4107 et
1332 4057 1411 4121 (corr.

266 4139 323 4206 2112)
345 4137 399 4190 GP
454 4140 485 4191 17
504 4140 627 4208 proprior
647 4140 708 4194 ON‘
725 4147 751 4195 et
769 4146 795 4208 (r
814 4141 863 4197 alt.
883 4144 955 4211 cap.)
978 4142 1032 4196 GP
1100 4143 1132 4197 19
1152 4142 1279 4213 uigilanti
1301 4142 1364 4210 cp
1381 4144 1414 4196 ἐκ

265 4231 334 4290 aas.)
354 4226 489 4296 uigilnngi
509 4233 534 4293 (t
549 4245 572 4283 a.
591 4230 689 4298 golt.)
708 4231 746 4284 Μ
844 4232 877 4287 23
897 4232 1045 4286 animorum
1067 4232 1146 4287 CGV
1163 4238 1189 4285 et
1207 4237 1249 4287 ml
1266 4232 1294 4285 P
1311 4233 1411 4285 anima·

265 4329 323 4365 rum
342 4314 466 4369 Panare
