3142 4967
464 466 505 518 De
523 464 584 518 Noc
605 465 645 529 13,
666 466 702 519 45
739 464 764 531 (l
783 465 836 518 244
856 465 966 519 F—245
986 462 1027 531 F).
1249 464 1315 530 443

169 660 362 724 tabularum.
391 663 600 724 atramentum
631 660 764 737 deletur,
794 661 850 725 sed
876 660 998 743 lignum
1026 662 1141 723 manet.
1174 659 1320 723 delentur

170 768 337 845 elementa,
364 770 402 830 ut
429 767 609 831 scribantur
634 768 823 850 plerumque
850 766 991 841 meliora,
1021 768 1230 829 atramentum
1258 766 1368 831 tol-c

169 874 257 952 litur,
292 873 472 938 substantia
502 893 564 939 uon
602 875 836 939 exterminatur.
874 872 1007 937 ‘delebo'
1041 872 1147 955 iuquit
1183 878 1320 957 ‘eorrup-

170 981 268 1044 telam
301 980 415 1058 camis,
448 984 485 1045 ut
517 981 653 1045 scribam
685 981 965 1064 incorruptionem.
999 979 1109 1044 delebo
1138 980 1320 1045 resurrecti-

141 1106 264 1152 eonem
293 1088 395 1151 camis
419 1108 437 1151 a
459 1088 540 1152 facie
567 1092 679 1163 terrae,
707 1091 745 1152 ut
773 1088 909 1152 scribam
937 1086 969 1150 in
998 1086 1191 1152 caelestibus
1217 1106 1321 1151 resur·

172 1197 292 1279 gentes
327 1194 437 1259 delebo
471 1194 509 1258 de
541 1195 622 1260 libro
655 1199 765 1270 terrae,
799 1197 837 1260 ut
869 1195 1004 1259 scribam
1037 1194 1070 1258 in
1102 1194 1183 1259 libro
1212 1194 1320 1259 uitae'.

171 1301 346 1378 deleantur,
388 1301 514 1365 domine
550 1320 653 1379 meus,
689 1302 826 1377 domine,
864 1302 1028 1367 deleantur
1065 1302 1128 1365 cito
1166 1301 1323 1365 elementa

171 1407 256 1483 ferri,
288 1412 327 1472 ut
358 1408 536 1473 scribantur
572 1410 730 1474 elementa
767 1408 896 1473 Christi.
934 1408 1098 1473 aboleatur
1132 1406 1321 1472 resurrectio

172 1520 304 1593 terrena,
340 1518 377 1579 ut
414 1515 561 1580 caelestis
600 1516 703 1600 gratia
738 1515 904 1583 redundet.
942 1516 1025 1592 ueni,
1062 1514 1202 1596 Moyses,
1235 1533 1322 1596 prae-

131 1646 156 1685 ιο
172 1642 248 1705 para
272 1624 438 1708 gremium,
461 1623 566 1707 legem
591 1623 708 1706 accipe,
732 1623 860 1705 surseipe
884 1623 1000 1705 spicea,
1021 1640 1100 1704 quos
1119 1622 1183 1687 iam
1203 1620 1323 1685 miseri*
1342 1621 1371 1675 Ι)

174 1730 281 1794 cordia
319 1730 427 1794 diuina
464 1749 524 1795 nou
563 1730 676 1794 deleat.
718 1730 846 1813 suscipe
883 1729 1020 1804 tabulas,
1060 1748 1138 1812 quas
1176 1729 1323 1792 dominus

174 1839 297 1901 statuat
318 1836 350 1900 iu
376 1839 548 1901 aeteruum.
573 1836 695 1901 utinam
718 1838 788 1920 ipse
813 1856 873 1901 non
901 1836 1041 1919 frangas!
1071 1838 1103 1901 et
1129 1836 1216 1918 ipsas
1245 1834 1324 1898 mihi

174 1963 245 2007 mea
268 1945 363 2026 eulpa
386 1944 571 2021 sustulerat,
596 1944 657 2007 nisi
681 1944 828 2009 dominus
852 1942 1055 2009 reddidisset.
1088 1942 1156 2006 iure
1185 1941 1324 2025 quidem,

175 2050 314 2133 Moyses,
341 2049 527 2133 indignatus
552 2070 596 2126 es,
621 2070 659 2114 ne
682 2050 837 2114 baberent
860 2049 969 2114 diuina
991 2048 1162 2133 priuilegia
1185 2048 1240 2131 qui
1263 2067 1325 2113 nou

134 2180 159 2219 n
177 2156 334 2221 deferrent
357 2157 519 2238 obsequia,
545 2157 601 2220 sed
623 2160 703 2239 puto
728 2156 813 2238 quod
837 2176 897 2221 non
923 2156 1001 2220 mibi
1026 2175 1090 2233 eas,
1115 2156 1170 2221 sed
1197 2156 1325 2221 Iudaeis

127 2248 134 2259 ’
174 2264 316 2347 fregeris.
341 2264 466 2347 fregisti
488 2263 625 2342 ludaeis,
650 2262 798 2346 recepisti
826 2263 915 2328 mibi.
945 2264 1063 2328 fractae
1092 2266 1166 2327 sunt
1193 2262 1324 2346 priores,

174 2376 212 2435 ut
234 2370 427 2453 posteriores
451 2374 623 2437 manerent.
648 2371 773 2455 fregisti
793 2390 845 2435 eas
865 2370 896 2434 in
916 2370 1099 2452 pectoribus
1118 2368 1321 2443 Iudaeorum;
1346 2370 1372 2423 lt

177 2476 251 2557 quid
280 2477 363 2541 enim
390 2477 538 2561 proderat
564 2481 602 2542 ut
628 2477 755 2541 tabulas
783 2479 938 2553 tenerent,
969 2492 1101 2559 quarum
1129 2474 1325 2557 praescripta

176 2588 281 2648 tenere
304 2603 366 2648 nou
390 2586 541 2667 possent?
565 2602 638 2648 ecee
667 2583 823 2649 secundas
851 2583 978 2648 tabulas
1007 2584 1118 2647 dicunt
1145 2602 1179 2646 se
1206 2586 1324 2657 tenere,

133 2691 233 2757 aused
259 2711 319 2756 non
348 2694 467 2756 tenent.
500 2692 611 2756 dieunt
639 2711 672 2755 se
700 2692 805 2775 legere
834 2690 941 2755 diuina
974 2691 1140 2767 elementa,
1174 2690 1230 2753 sed
1262 2708 1323 2774 non

175 2795 296 2881 legunt.
320 2796 422 2880 digito
447 2797 498 2861 dei
521 2797 656 2879 scriptas
681 2816 751 2862 esse
770 2797 897 2861 tabulas
915 2798 1042 2880 Moyses
1062 2796 1153 2860 dicit:
1178 2796 1225 2859 illi
1246 2795 1324 2879 digi-

176 2907 244 2967 tum
270 2902 321 2968 dei
344 2923 406 2968 nou
429 2905 550 2989 legunt,
573 2904 690 2969 serrum
718 2905 842 2987 legunt.
873 2907 1083 2967 atramentum
1111 2902 1230 2980 uident,
1262 2902 1323 2985 spi·

175 3010 272 3073 ritum
298 3008 350 3074 dei
377 3030 438 3075 uon
465 3010 589 3074 uident:
618 3011 674 3074 sed
702 3010 837 3074 ecclesia
864 3010 966 3075 nescit
989 3012 1209 3088 atramentum,
1233 3008 1325 3091 spiri·

176 3122 245 3180 tum
281 3116 382 3181 nouit.
423 3116 557 3199 ideoque
598 3117 719 3181 Paulus
751 3118 844 3181 uouit
875 3116 1010 3181 seribere
1043 3136 1104 3181 non
1137 3118 1323 3193 atramento,

134 3252 159 3291 aa
177 3222 234 3287 sed
274 3222 389 3305 spiritu
422 3223 471 3287 dei
504 3224 583 3287 uiui.
616 3243 633 3288 o
666 3224 859 3307 sacrilegum
897 3224 1038 3307 ineptum
1077 3210 1232 3307 populum
1272 3222 1372 3288 Iu-l‘

177 3329 341 3393 dacorum!
370 3330 465 3393 homo
498 3330 612 3411 spiritu
641 3329 692 3394 dei
719 3329 831 3394 scribit
859 3334 890 3394 et
917 3330 1012 3394 homo
1042 3329 1100 3393 sub
1129 3332 1198 3413 lege
1227 3330 1324 3394 nutri-

176 3440 241 3513 tus,
272 3443 304 3499 et
334 3436 381 3500 illi
415 3438 527 3501 uolunt
559 3436 652 3500 derum
686 3440 860 3501 atramento
894 3436 1071 3518 scripsisse,
1105 3454 1165 3500 non
1200 3436 1323 3519 spiritu.

270 3676 399 3733 dICor.
421 3678 461 3741 15,
481 3679 517 3731 42
553 3678 689 3732 6Psulm.
708 3677 822 3732 LXVIII
842 3680 875 3732 ‘29
916 3677 1152 3741 wilred-3219
1191 3680 1222 3731 21
1240 3678 1322 3732 Erod.

178 3768 477 3831 atrabensem
531 3765 772 3829 alumnas
828 3768 861 3821 26
883 3766 942 3823 Gal.
964 3768 987 3831 l,
1009 3768 1041 3821 14
1061 3766 1180 3837 Philipp.
1202 3768 1323 3835 3,5sq.

214 3926 230 3978 2
259 3927 307 3978 aut
333 3925 361 3977 P
384 3924 411 3994 (a
436 3925 517 3993 eros.)
650 3925 666 3978 3
693 3924 872 3993 corruptelam
897 3924 925 3977 P
950 3926 975 3988 (c
1000 3940 1020 3977 s.
1048 3942 1084 3986 ea,
1108 3928 1172 3977 anto
1199 3940 1228 3977 co
1254 3928 1323 3990 ros.)

179 4012 307 4069 biaciem
326 4014 353 4066 P
370 4017 406 4079 (m
426 4016 508 4077 erae.)
591 4015 665 4083 diu]
687 4013 720 4067 de
742 4014 767 4066 Τ
842 4013 1002 4067 8aboletur
1024 4013 1048 4065 T
1128 4013 1280 4081 9gratian1
1299 4013 1328 4065 P

180 4107 217 4165 (m
245 4102 328 4172 eras)
442 4102 610 4155 redundetur
636 4102 664 4155 P
688 4101 849 4155 retundatur
881 4100 1089 4155 Tredundetoe
1116 4102 1144 4155 B
1268 4118 1325 4155 mo·

179 4209 222 4244 ses
247 4191 271 4244 Τ
325 4192 358 4245 12
376 4192 443 4244 mihi
462 4208 512 4245 om.
533 4192 565 4244 N
620 4192 653 4245 14
670 4208 760 4244 moses
783 4191 814 4254 T,
834 4207 885 4244 om.
907 4190 966 4243 OM
1036 4206 1064 4243 es
1082 4190 1180 4258 scripsi
1199 4192 1241 4243 est
1260 4189 1326 4243 libri

181 4283 214 4335 17
233 4285 374 4334 manerent
393 4282 556 4351 posteriores
576 4282 601 4332 B
693 4265 902 4348 23nouits1ffi
921 4281 948 4333 Β
1034 4281 1067 4333 25
1086 4279 1214 4349 populum
1234 4278 1261 4332 P
1279 4282 1327 4347 (po

175 4376 273 4438 postca
294 4370 372 4435 odd.)
