3142 4967
262 431 304 495 52
734 376 934 482 limbrosii
982 450 985 455 ·

261 642 295 689 se
331 622 428 687 meris
464 622 582 688 flrrctus
620 626 652 689 et
688 624 789 689 amnis
826 624 944 689 fluenta
978 622 1161 699 decernunt,
1193 623 1336 706 itemque
1368 622 1406 687 de

260 728 500 814 septentrionali
531 732 619 813 parte
651 729 765 795 Phasis
800 729 971 796 Caucaseis
1003 729 1166 794 montibus
1203 729 1296 794 fusus
1333 748 1407 793 cum

259 836 407 920 pluribus
439 836 511 902 aliis
543 837 575 901 in
603 836 760 902 Euxinum
789 855 824 902 ee
851 836 1041 920 praecipitat
1066 854 1152 900 mare
1179 835 1407 920 —prolixum

260 946 310 1009 est
333 942 533 1027 singulorum
552 943 700 1027 persequi
717 943 891 1009 fluuiorum
910 942 1046 1020 nomina,
1067 943 1122 1025 qui
1140 942 1243 1007 nolin
1261 945 1407 1008 noenum

259 1069 344 1115 mare
368 1050 552 1115 deriuantur
574 1050 628 1115 uel
651 1050 873 1115 exinaniuntur
895 1068 1012 1115 oceano
1035 1085 1090 1125 —,
1110 1068 1182 1114 cum
1201 1052 1292 1113 tante
1308 1048 1407 1132 igitur
1425 1071 1440 1110 s
1473 1062 1495 1114 Ε

259 1148 388 1225 ubertas
408 1176 561 1240 aquarum
581 1158 633 1229 sit,
653 1160 758 1223 tamen
777 1158 965 1240 plerumque
983 1160 1066 1221 terra
1084 1156 1276 1221 meridianae
1294 1157 1407 1239 plagae

259 1269 396 1331 torretur
432 1263 597 1331 ardoribus
635 1266 731 1344 atque
765 1266 856 1328 aestu
889 1264 996 1327 soluts
1026 1263 1148 1328 fatiscit
1178 1262 1211 1327 in
1242 1262 1409 1344 puluerem

259 1370 429 1437 miserandi
475 1369 632 1453 agricolae
677 1369 785 1434 labore
828 1372 1028 1452 consumpto,
1070 1373 1107 1434 ut
1146 1368 1329 1451 frequenter
1369 1368 1410 1432 ad

259 1481 372 1559 potum
396 1476 525 1542 siccatis
548 1476 655 1559 puteis
679 1474 767 1540 arido
794 1475 922 1560 gurgite
945 1475 1125 1541 subsidium
1147 1476 1247 1539 uitale
1270 1474 1408 1541 deficiat.

260 1587 293 1648 et
311 1584 371 1647 erit
388 1582 518 1664 quidem
537 1582 661 1665 quando
682 1581 768 1647 dicat
786 1582 922 1665 abysso:
943 1582 1095 1647 deserta
1113 1583 1199 1661 eris,
1219 1586 1257 1647 et
1280 1600 1407 1648 omnes
1429 1607 1456 1647 ro

258 1689 405 1755 fluuios
430 1688 594 1765 siccabo,
619 1688 704 1753 sicut
726 1708 784 1771 per
806 1688 934 1753 Esaiam
957 1689 1100 1754 futurum
1119 1689 1330 1754 adnuntiabit.
1351 1688 1408 1754 sed

259 1796 356 1861 etiam
380 1798 551 1878 antequam
574 1794 628 1859 ille
652 1796 720 1861 dies
741 1794 890 1860 adueniat
909 1795 1016 1861 diuino
1034 1797 1246 1879 praestitutus
1265 1796 1406 1874 arbitrio,

259 1921 321 1969 non
357 1902 527 1967 minimum
561 1902 645 1967 inter
682 1920 716 1967 se
748 1902 820 1988 ipsa
852 1902 1080 1967 elementorum
1112 1906 1225 1967 natura
1256 1902 1407 1967 decernit.
1473 1914 1494 1967 F

259 2009 366 2075 crebro
399 2008 508 2092 itaque
540 2012 596 2073 aut
627 2008 887 2075 inundationibus
920 2009 1056 2075 mundus
1089 2010 1141 2074 bic
1174 2010 1316 2092 quatitur
1352 2013 1408 2073 aut

259 2115 357 2181 nimio
383 2118 474 2181 aestu
498 2116 530 2180 et
552 2115 700 2181 ariditate
723 2119 867 2180 uexatur.
1429 2142 1456 2180 15

217 2223 258 2286 13
303 2220 378 2287 Noli
401 2222 501 2305 igitur·
522 2222 740 2287 incredibilem
765 2221 888 2304 opinari
910 2240 1063 2305 aquarum
1081 2222 1331 2297 multitudinem,
1351 2222 1409 2287 sed

258 2329 380 2413 respice
413 2329 453 2394 ad
485 2329 552 2395 uim
585 2328 699 2393 caloris
728 2332 761 2393 et
786 2326 971 2393 incredulus
999 2347 1061 2393 uon
1091 2328 1163 2393 en'e.
1190 2328 1329 2393 multum
1359 2332 1410 2393 est

259 2435 344 2518 quod
372 2436 456 2520 ignis
486 2435 634 2501 absorbet
658 2436 742 2517 quod
765 2435 820 2499 uel
842 2454 879 2498 ex
900 2434 958 2500 illo
982 2434 1074 2500 nobis
1097 2434 1194 2500 debet
1216 2455 1287 2500 esse
1310 2437 1408 2501 meni-

258 2543 387 2619 festum,
426 2560 499 2606 cum
536 2541 651 2607 medici
687 2560 766 2605 uasa
804 2540 959 2623 quaedam
995 2545 1132 2626 angusta
1166 2560 1230 2621 ore,
1266 2542 1408 2625 planiora

258 2648 403 2732 desuper,
423 2648 510 2713 intus
530 2666 680 2727 concaua,
698 2648 764 2711 leui
783 2648 931 2713 lucernae
951 2649 1103 2730 concepto
1121 2648 1244 2713 lumine
1263 2647 1409 2731 adfigunt
1424 2678 1455 2719 ω

259 2754 391 2838 corpori,
412 2753 680 2837 quemadmodum
700 2755 786 2819 calor
803 2754 859 2818 ille
880 2774 1004 2820 omnem
1022 2754 1054 2818 in
1074 2773 1108 2819 se
1121 2755 1224 2837 rapiat
1237 2758 1404 2820 umorem?
1465 2769 1534 2821 aas

259 2862 331 2944 quis
362 2861 462 2947 igitur
494 2861 619 2927 dubitet
650 2860 734 2943 qnod
765 2861 889 2945 ignitus
921 2862 1030 2926 aether
1063 2864 1095 2925 et
1125 2880 1241 2947 magno
1278 2862 1405 2926 feruens

258 2988 376 3053 uapore
403 2968 615 3034 inflammaret
641 2972 735 3050 atque
765 2971 908 3033 exureret
922 2968 1050 3047 omnia,
1080 2968 1143 3033 nisi
1168 2968 1240 3051 lege
1268 2968 1406 3051 quedam

260 3075 311 3139 sui
339 3074 540 3140 cohiberetur
567 3076 716 3153 auctoris,
745 3078 783 3139 ut
810 3094 868 3139 neo
896 3074 1028 3139 flumina
1054 3094 1112 3141 nec
1140 3075 1230 3139 lacus
1254 3093 1314 3139 neo
1336 3075 1406 3156 ipsa

260 3183 359 3245 marie
390 3180 457 3246 uim
493 3180 562 3245 eius
589 3185 721 3264 possent
747 3181 970 3266 restinguere?
999 3185 1032 3245 et
1060 3179 1131 3246 ideo
1161 3180 1297 3264 desuper
1325 3200 1406 3263 aqua
1423 3213 1450 3252 2⁵

258 3286 369 3371 inpetu
398 3287 535 3370 quodam
563 3286 756 3353 descendens
784 3288 817 3351 in
840 3290 946 3353 tantos
970 3288 1157 3371 plerumque
1180 3287 1297 3352 imbres
1320 3306 1406 3351 rum·

350 3494 384 3549 10
401 3494 474 3548 Esai.
493 3496 537 3559 44,
557 3496 591 3549 27
702 3496 734 3549 17
754 3494 816 3550 Bas.
836 3496 871 3549 69
889 3494 912 3549 A
939 3496 984 3562 (29
1004 3498 1037 3560 Α)
1149 3497 1182 3550 19
1204 3494 1269 3553 Isid.
1294 3495 1328 3551 de
1347 3500 1402 3550 nat.

258 3602 309 3639 rer.
329 3584 372 3651 33,
393 3586 405 3639 l

298 3711 311 3764 1
332 3708 473 3765 decertant
490 3709 557 3763 N‘B
575 3715 601 3763 ct
618 3712 666 3763 m2
687 3708 736 3764 GS
815 3711 831 3763 2
850 3709 916 3764 fusis
937 3708 1026 3763 IIMB
1044 3709 1124 3764 fassis
1143 3709 1167 3763 S
1183 3709 1255 3763 eneis
1273 3709 1312 3764 N'
1332 3710 1405 3764 euris

262 3798 344 3853 Gm2
420 3815 514 3853 causas
533 3800 572 3853 eis
594 3798 659 3853 Cet
678 3802 758 3864 (corr.
777 3803 836 3867 m2)
857 3799 883 3853 G
902 3800 1072 3867 causasveis
1090 3799 1118 3853 P
1170 3800 1338 3855 bearorum
1359 3798 1407 3853 GP

259 3894 285 3941 ct
304 3892 383 3955 (corr.
402 3890 459 3953 m2)
482 3886 516 3950 G,
535 3888 601 3955 fort.
619 3894 690 3942 recle
760 3889 944 3958 praecipitans
963 3908 981 3941 α
1057 3889 1244 3959 sponsorem
1265 3887 1366 3955 C(uer
1382 3905 1404 3945 a.

258 3994 287 4031 u.
305 3980 363 4042 m3)
383 3977 521 4045 puluerem
540 3980 598 4045 (m2
615 3993 649 4031 coc
666 3976 767 4047 pulem)
791 3976 845 4031 GP
932 3979 949 4032 8
968 3979 1106 4047 agriculae
1126 3977 1307 4047 Gagrigulae
1326 3979 1404 4047 (corr.

259 4070 317 4136 m2)
336 4067 364 4120 P
415 4067 535 4121 laborem
556 4066 687 4121 Glabore
709 4066 735 4121 G
755 4072 780 4135 (e
799 4085 833 4122 cx
851 4074 876 4134 e)
933 4073 1074 4123 consumto
1095 4068 1145 4122 GP
1161 4075 1186 4122 ct
1205 4072 1285 4133 (corr.
1303 4065 1405 4134 ΜΘ

260 4154 448 4211 bsubsidium
468 4156 529 4229 Oti
549 4156 598 4211 alt.
618 4174 651 4211 ex
669 4157 697 4227 n)
753 4158 787 4213 10
806 4158 915 4228 quidem
936 4160 1002 4230 C(e
1021 4175 1055 4214 aa
1072 4163 1099 4227 a)
1156 4160 1190 4214 14
1209 4159 1301 4213 crebro
1323 4159 1405 4225 C(ro

258 4246 469 4301 introeuntes
488 4246 552 4316 titt.)
598 4248 631 4301 19
650 4247 773 4317 pleniora
794 4248 872 4303 Cm3
890 4249 1013 4319 pleniore
1033 4248 1106 4303 le
1124 4255 1171 4305 cet.
1214 4250 1249 4303 20
1263 4248 1405 4318 adfingunt-

262 4334 332 4403 0(n
352 4340 433 4401 cros.)
457 4335 527 4391 Get
545 4336 572 4389 P
590 4340 619 4403 (n
639 4340 710 4406 exp.)
766 4338 801 4393 23
820 4339 937 4393 exarmet
956 4342 1035 4406 (corr.
1054 4342 1111 4405 m3)
1134 4337 1255 4404 C(corr.
1272 4342 1331 4405 m2)
1354 4336 1407 4392 GP
