3142 4967
400 472 442 525 De
462 472 521 525 Nee
540 472 583 527 30.
603 473 647 537 31,
669 472 810 527 113-116
848 474 872 539 (l
892 473 944 528 273
963 472 1075 529 0-274
1093 472 1135 543 Ε).
1290 476 1351 540 491

208 670 384 754 improbus,
409 670 557 753 queniam
581 668 650 750 ipse
674 667 787 732 deuius
808 667 995 749 disciplinae
1015 672 1074 748 est,
1094 669 1227 734 eliorum
1246 670 1455 753 lapsusdltn

208 798 269 843 nen
303 778 407 842 selum
440 795 497 860 pre
531 776 582 841 sui
614 776 727 841 erroris
760 775 878 841 solacio
912 776 1036 859 accipit,
1071 777 1155 859 qued
1192 779 1355 841 consortes

208 884 367 952 inuenerit
389 885 511 965 eulpae,
535 902 648 947 uerum
672 883 768 948 etiam
791 883 935 967 improbe
959 883 1096 949 laetetur
1123 882 1248 961 affeetu,
1277 887 1356 949 tem-

209 1012 303 1075 quam
336 1010 395 1056 sue
426 992 495 1074 ipse
528 990 644 1055 delicte
676 990 853 1055 eorrexerit.
887 990 970 1054 mala
1001 1008 1090 1055 mens
1119 1009 1192 1075 ergo
1220 992 1358 1056 laetetur

182 1102 332 1183 epraeter
353 1099 553 1183 prepositum
577 1098 697 1181 aliquid
721 1098 876 1163 eeeidisse
900 1098 1045 1181 sepienti,
1070 1117 1143 1163 eum
1161 1098 1273 1180 utique
1293 1117 1357 1162 eer-

209 1208 294 1290 peris
316 1207 428 1289 lapsus
451 1206 483 1269 in
508 1205 588 1271 uitio
614 1224 684 1270 esse
707 1225 769 1270 non
794 1204 916 1283 debeat,
941 1205 1068 1269 etiamsi
1086 1206 1196 1289 lapsus
1216 1208 1356 1287 putetur,

208 1313 270 1379 nisi
298 1314 424 1377 enimus
451 1332 577 1396 queque
604 1312 736 1377 inclinet
762 1313 795 1376 in
823 1313 960 1395 culpem.
993 1315 1153 1395 postremo
1185 1310 1357 1377 ueniabilia

208 1420 393 1485 huiusmodi
436 1420 618 1485 iudicentur
657 1423 768 1496 erratu,
810 1438 871 1483 nen
913 1419 985 1485 odie
1026 1419 1253 1503 persequenda,
1294 1426 1405 1483 nonB

209 1529 354 1593 habende
380 1527 530 1605 ludibrio,
559 1526 614 1591 sed
637 1546 739 1604 mens,
762 1530 801 1590 ut
824 1526 897 1603 dixi,
920 1527 1074 1609 improbe,
1099 1546 1172 1591 eum
1196 1527 1289 1609 putet
1312 1544 1357 1587 er-

63 1680 67 1687 .
165 1654 192 1693 10
209 1655 296 1700 rasse
325 1635 511 1717 sapientem,
539 1633 759 1698 insultandum
788 1634 959 1698 arbitretur
986 1632 1014 1699 ei
1048 1634 1138 1698 euius
1172 1632 1234 1697 sibi
1265 1634 1358 1714 putat

208 1762 313 1808 meres
346 1761 418 1807 esse
451 1741 634 1819 contrarios,
673 1741 757 1823 qued
794 1746 960 1823 peceatum
998 1760 1093 1807 suurn
1131 1742 1224 1805 uelut
1258 1738 1356 1804 tacite

211 1849 348 1931 quedam
386 1848 537 1930 sepientis
573 1847 757 1911 testimonie
791 1847 1008 1931 redarguetur,
1043 1865 1142 1928 eoque
1174 1844 1357 1911 laetandum

210 1956 283 2033 sibi,
303 1947 392 2038 'quod
415 1955 501 2019 iuste
525 1956 594 2019 uine
618 1972 676 2019 nee
700 1954 836 2019 eruditio
861 1954 964 2036 ipsius
983 1954 1138 2037 prefuerit
1156 1972 1214 2017 nee
1232 1950 1358 2015 iustitie

211 2064 384 2145 suffragata
410 2062 454 2126 sit
479 2081 537 2126 nee
565 2081 601 2126 ee
629 2082 709 2146 quae
738 2062 911 2127 seeundum
942 2078 1056 2145 eorpus
1085 2063 1159 2125 sunt
1191 2058 1359 2123 habuerint

166 2187 192 2227 15
210 2187 376 2253 prosperos
401 2187 524 2234 cursus.
546 2170 624 2234 haee
648 2170 731 2233 enim
754 2188 810 2252 pre
831 2168 965 2233 summis
984 2168 1076 2233 bonis
1096 2166 1178 2250 apud
1197 2165 1358 2249 improbes

211 2275 419 2340 aestimantur
440 2275 473 2339 in
497 2275 620 2340 diuitiis
644 2276 840 2340 anthenore
863 2274 980 2359 posita,
1006 2293 1085 2357 quae
1108 2278 1214 2337 temen
1234 2271 1356 2336 nullum
1385 2276 1406 2332 d

210 2383 351 2446 fructum
375 2383 414 2446 ad
437 2382 565 2446 leudem
592 2382 724 2447 uirtutis
753 2383 929 2449 conferunt.
962 2386 1128 2463 propterea
1156 2378 1358 2461 insipientiae

212 2488 393 2552 defensores
430 2489 579 2553 uidentur
616 2489 720 2571 (qui)
757 2488 888 2552 uirtutis
926 2490 1099 2552 amatorem
1136 2504 1358 2568 prosperorum

210 2614 340 2659 munere
364 2613 434 2658 esse
456 2594 648 2671 fraudatum,
673 2594 729 2676 qui
752 2612 843 2658 omne
866 2594 986 2658 benum
1005 2592 1235 2675 temporalibus
1254 2590 1357 2675 magis

165 2724 193 2764 se
211 2724 305 2787 quam
328 2703 491 2787 perpetuis
515 2702 745 2767 aestimandum
769 2704 893 2785 putent.

37 2803 164 2887 31,116
257 2810 341 2891 Quid
364 2813 415 2875 est
438 2810 523 2893 qued
547 2808 635 2873 Sem
659 2811 698 2873 et
720 2808 895 2893 Iapheth
918 2808 1214 2873 uestimentum
1237 2806 1357 2889 impe·
1385 2811 1409 2864 D

212 2919 385 2982 suerunt
408 2935 531 3000 supra
552 2934 711 2981 umeros
736 2934 832 2980 sues
857 2919 897 2981 et
919 2917 1186 2998 perrexerunt
1212 2915 1357 2977 retrur-

212 3045 296 3090 sum
321 3004 360 3089 e't
383 3028 636 3107 operuerunt
659 3024 805 3088 nudum
829 3026 984 3105 petrem
1009 3025 1049 3087 et
1071 3042 1144 3086 nen
1164 3020 1359 3084 uiderunt

211 3131 474 3196 nudationem
517 3130 629 3195 eius?
669 3130 778 3195 littere
820 3130 1000 3195 euidentem
1036 3128 1166 3212 pietatis
1204 3126 1359 3209 expressit

167 3256 193 3297 ns
211 3238 370 3316 ellectum,
395 3237 478 3321 qued
502 3238 657 3303 nudatum
682 3238 799 3303 amictu
825 3239 947 3320 patrem
970 3236 1046 3302 beni
1063 3236 1123 3301 filii
1140 3234 1249 3299 uidere
1269 3252 1358 3298 enne·
1385 3238 1406 3293 Ε

210 3348 294 3424 runt,
319 3364 358 3409 ne
379 3347 509 3426 patema
528 3344 705 3410 reuerentia
724 3345 776 3409 nel
795 3345 866 3429 ipso
886 3345 1082 3409 minueretur
1101 3346 1243 3427 aspectu,
1263 3341 1359 3424 siqui·

212 3450 283 3515 dem
316 3450 412 3514 etiem
443 3451 542 3517 teeite
576 3454 671 3516 uultu
705 3452 809 3533 pietas
846 3452 1025 3534 frequenter
1061 3450 1239 3515 offenditur.
1276 3447 1359 3513 unde

299 3696 332 3749 21
355 3694 421 3750 Gen.
442 3697 466 3762 9,
486 3698 520 3751 23
538 3697 618 3751 Philo
639 3695 749 3763 Quaest.
767 3696 797 3749 11
816 3696 850 3750 72

246 3853 324 3906 lest
342 3852 501 3921 disciplinae
519 3852 554 3905 M
604 3851 738 3906 2solati0
758 3852 825 3905 libri
872 3845 1010 3907 4delieta
1030 3856 1056 3919 (a
1075 3868 1107 3907 ex
1126 3856 1154 3917 ol
1173 3852 1201 3905 Ρ
1253 3853 1358 3907 deeci-

211 3940 291 3995 disse
309 3942 337 3995 P
355 3945 435 4007 (cerr.
454 3946 512 4009 m2)
535 3940 594 3995 GM
681 3942 831 3997 ‘dinclinet
848 3942 926 3995 sz
944 3940 1091 3995 inclinetur
1108 3942 1190 3995 Pete
1208 3947 1256 3995 eet.
1330 3926 1358 3995 in

210 4029 301 4083 PT‘B
320 4029 354 4083 ad
373 4036 420 4085 eet.
484 4030 707 4101 8presequende
724 4030 846 4085 DNOM
904 4029 1043 4084 Idmone·
1062 4031 1188 4100 putetB
1244 4030 1277 4084 13
1295 4046 1358 4100 pre·

210 4118 293 4172 fuerit
310 4120 369 4189 (pre
388 4139 410 4173 s.
428 4122 468 4188 u.)
488 4120 515 4173 P
582 4120 616 4174 18
634 4119 758 4183 sidentur
775 4120 804 4173 P
822 4124 850 4185 (u
868 4136 889 4174 e.
910 4136 922 4183 s
941 4123 998 4186 m2)
1018 4119 1145 4173 uidentur
1167 4119 1199 4173 T‘
1218 4119 1248 4191 (u
1262 4135 1308 4187 pr.
1328 4119 1359 4173 in

209 4212 279 4275 rue.)
389 4208 437 4275 qui
456 4207 521 4261 add.
541 4226 559 4259 α
648 4208 681 4262 21
705 4207 819 4276 iapheth
838 4207 866 4260 P
887 4206 975 4261 ieieth
997 4207 1029 4260 T‘
1053 4207 1121 4261 iulet
1138 4207 1176 4261 M
1197 4207 1293 4276 iaphet
1310 4212 1357 4261 eet.

210 4298 245 4351 22
264 4312 345 4365 super
362 4296 396 4350 N
463 4296 589 4350 humeros
608 4296 674 4351 libri
723 4298 757 4351 25
777 4296 906 4351 ernistum
920 4296 948 4349 P
966 4297 1165 4365 (matteras.)
1219 4296 1253 4350 27
1272 4296 1358 4350 tacito

209 4386 291 4439 uultu
310 4385 394 4439 etium
412 4386 440 4439 B
