3142 4967
395 465 435 518 De
454 464 513 517 Noc
532 468 557 521 5.
577 465 602 529 6,
624 466 728 519 11-13
766 466 789 535 (I
809 466 860 521 231
880 465 993 521 Ε-232
1013 468 1054 533 F).
1231 470 1295 535 421

148 662 268 741 pater,
298 659 406 723 uenit
433 660 536 739 bora,
566 660 738 725 clarifica
768 661 894 726 filiurn
919 666 1039 739 tuum,
1064 668 1105 729 ut
1129 668 1165 728 et
1188 664 1298 729 filius

149 765 343 831 clarificet
369 770 416 831 te.
442 786 516 851 ergo
545 768 620 851 quia
649 768 680 831 in
711 768 833 834 diluuio
856 788 913 852 per
935 788 1038 835 arcam
1062 770 1130 835 Noe
1155 774 1299 836 seruatae
1325 774 1346 830 0
1406 799 1413 813 ·

148 877 224 938 sunt
255 871 408 956 reliquiae
441 873 566 957 generis
603 874 734 939 burnani
771 874 812 939 ad
849 875 1052 941 seminarium
1089 877 1299 961 reparationis

147 984 179 1043 et
203 981 418 1046 renouationis
443 981 581 1058 futurae,
604 980 677 1047 ideo
702 983 867 1065 praemisit
896 982 961 1047 bic:
995 990 1144 1066 tempus
1179 985 1297 1050 omnis

117 1086 313 1152 abominis
345 1088 465 1165 uouit,
499 1089 586 1173 quia
617 1090 764 1170 repleta
798 1092 856 1155 est
887 1093 987 1153 terra
1024 1088 1297 1173 iniquitatibus

147 1193 239 1259 sois.
273 1194 333 1258 boc
361 1194 392 1258 in
422 1194 537 1280 figura3
565 1196 598 1259 in
626 1194 761 1260 ueritate
791 1199 898 1261 autem
928 1196 985 1260 ait:
1018 1196 1208 1279 reliquiae
1232 1215 1298 1278 per

147 1300 395 1366 dilectionem
424 1302 571 1385 gratiae
600 1302 731 1367 saluae
761 1303 888 1367 sactae
913 1306 1010 1366 sunt.
1040 1303 1174 1386 ideoque
1198 1303 1298 1368 excla-

145 1412 214 1472 mat
256 1408 421 1491 apostolus
464 1408 585 1476 dicens:
629 1410 960 1492 superabundabit
1000 1412 1212 1490 peccatum,
1256 1413 1297 1474 ut

51 1509 83 1569 12
146 1514 478 1598 superabundaret
518 1515 649 1597 gratia.
692 1516 863 1598 corrupit
902 1515 1008 1598 inquit
1049 1515 1167 1580 omnis
1211 1534 1295 1581 caro

104 1639 128 1678 ιο
145 1620 246 1685 uiam
279 1640 392 1686 suam.
423 1641 548 1686 carnem
575 1622 628 1686 bio
656 1642 712 1704 pro
736 1622 864 1686 bomine
887 1621 997 1704 posuit
1018 1625 1153 1699 terreno,
1176 1621 1206 1685 in
1233 1641 1295 1713 quo

145 1728 248 1793 carnis
287 1725 445 1792 inlecebra
481 1728 566 1791 uiam
605 1729 674 1793 eius
712 1727 897 1811 corruperit.
936 1728 989 1811 qui
1027 1729 1054 1791 si
1086 1726 1339 1793 intellexissetD

144 1834 231 1916 quod
263 1854 380 1901 munus
413 1836 590 1918 accepisset
617 1854 636 1899 a
665 1836 734 1911 deo,
767 1855 828 1900 non
863 1834 973 1917 ntique
1005 1854 1119 1929 possus
1148 1839 1235 1900 esset
1260 1840 1296 1900 ut

145 1960 217 2005 earo
256 1942 398 2007 obstaret
439 1943 562 2007 animae
602 1943 790 2008 uirtutibus.
832 1942 941 2025 itaque
984 1961 1054 2006 earo
1097 1960 1193 2006 causo
1233 1941 1296 2006 fnit

144 2049 391 2131 corrumpendae
424 2049 521 2114 stiam
553 2051 687 2124 animae,
721 2069 803 2131 quae
834 2049 925 2113 uelut
956 2049 1043 2133 regio
1077 2047 1231 2131 quaedam
1263 2051 1295 2111 et

102 2176 125 2213 rs
143 2155 234 2219 leons
257 2160 308 2219 est
329 2156 517 2239 uoluptatis,
542 2176 577 2219 er
602 2176 663 2240 qna
686 2158 779 2221 uelut
802 2175 820 2219 a
843 2138 929 2221 fonte
948 2158 1158 2238 prorumpunt
1181 2174 1293 2219 coucu-

143 2262 371 2344 piscentiarum
388 2263 605 2345 malarumque
624 2264 817 2345 passionum
829 2263 960 2327 flumina
978 2261 1107 2343 lateque
1126 2261 1293 2325 exundant.

142 2369 261 2451 quibus
285 2368 480 2453 demergitur
503 2370 625 2434 animae
644 2369 801 2451 quoddam
823 2388 954 2433 excusso
975 2369 1183 2451 gubernatore
1201 2367 1293 2431 remi-

143 2476 244 2558 gium,
283 2495 356 2540 cum
392 2476 463 2558 ipsa
498 2495 588 2541 meus
625 2476 716 2539 uelut
752 2474 944 2557 quibusdam
983 2472 1228 2555 tempestatibus
1261 2476 1337 2537 etr}

142 2581 291 2665 procellis
320 2584 407 2647 uicta
433 2582 504 2647 loco
534 2602 592 2647 suo
621 2581 716 2647 cedit.
744 2582 876 2663 pulchre
901 2585 1006 2645 antem
1031 2580 1076 2645 ait
1099 2580 1174 2661 quia
1195 2581 1290 2643 borno

99 2709 124 2750 ao
141 2689 227 2752 uiam
252 2691 383 2753 naturae
407 2708 484 2753 suae
508 2687 658 2771 corrupit.
688 2708 765 2767 uam
785 2689 839 2752 uia
862 2687 974 2751 suain
998 2685 1143 2769 paradiso
1169 2686 1288 2750 eratin

140 2794 196 2860 illo
220 2795 456 2860 beatitudinum
480 2796 619 2873 tramite,
642 2795 674 2858 in
698 2795 753 2859 illo
778 2794 935 2858 uirtutum
957 2794 1043 2863 flore,
1064 2794 1096 2857 in
1115 2792 1172 2857 illa
1188 2792 1290 2856 incor-

140 2901 288 2984 ruptibili
317 2902 428 2986 gratia,
458 2922 553 2984 quam
580 2902 667 2967 uiam
690 2901 823 2966 terrenis
846 2900 1026 2983 inquinabit
1048 2899 1206 2984 uestigiis.
1235 2900 1289 2994 alii

141 3007 271 3073 babent:
302 3010 402 3073 uiam
429 3008 569 3091 ipsius.
593 3009 654 3074 boc
677 3012 726 3073 est
750 3009 808 3073 dei.
837 3008 897 3072 boc
922 3008 1004 3072 solet
1026 3007 1123 3071 uerbo
1148 3004 1289 3071 ‘domini‘

141 3114 309 3179 declarare.

20 3218 134 3296 blaa
184 3221 248 3286 Sed
270 3222 334 3286 iam
359 3222 396 3286 de
419 3222 491 3304 ipsa
513 3220 582 3286 Noe
606 3240 678 3285 area
701 3220 869 3286 dicendum
896 3220 1038 3299 arbitror,
1063 3238 1157 3302 quam
1182 3219 1208 3283 si
1234 3219 1288 3302 qui
1312 3224 1333 3277 l*

229 3500 418 3563 110h.17,1
480 3500 592 3556 6Rorn.
614 3502 655 3565 11,
675 3504 703 3565 5;
724 3501 749 3565 9,
769 3502 804 3554 27
863 3501 975 3554 8Rom.
995 3501 1020 3561 5,
1040 3498 1074 3551 20
1136 3494 1286 3557 9Gen.6,

139 3588 171 3640 12
191 3588 293 3654 (αὐτοῦ)
313 3588 394 3643 Philo
414 3588 525 3654 Quaest.
545 3589 568 3651 Ι,
588 3591 622 3643 99
678 3590 713 3643 25
731 3589 811 3643 Philo
833 3587 943 3655 Quaest.
963 3588 1025 3641 111

173 3749 237 3800 let
255 3762 306 3801 om.
326 3745 354 3799 B
425 3745 498 3799 filius
517 3749 580 3799 tuus
605 3746 694 3801 T'NB
742 3747 807 3799 eea
826 3746 984 3799 ideoPNB
1033 3744 1243 3798 idelectionern
1263 3740 1287 3792 T

136 3838 206 3901 ecre
221 3852 266 3903 pr.
286 3835 357 3900 ear)
383 3835 414 3887 r
483 3835 692 3904 reposuitque
712 3834 866 3888 nominer
936 3835 968 3887 12
988 3822 1088 3887 nior
1157 3833 1189 3885 14
1209 3833 1284 3901 regio

137 3924 269 3993 quaedam
289 3929 317 3977 et
334 3924 410 3977 locus
429 3925 482 3993 cst]
503 3926 579 3993 origo
600 3928 629 3979 et
645 3925 720 3977 locus
740 3928 782 3977 est
802 3922 911 3994 quidam
925 3924 958 3977 N
993 3924 1025 3979 15
1046 3940 1061 3976 a
1080 3940 1131 3977 om.
1146 3923 1174 3975 B
1223 3940 1284 3993 pro·

136 4016 265 4083 rumpunt
286 4011 318 4065 T¹
337 4015 364 4078 (o
384 4028 417 4065 ex
435 4011 462 4082 ο)
478 4011 537 4064 ΝΒ
556 4015 748 4082 praerumpunt
760 4011 815 4064 PT
851 4011 883 4065 17
899 4011 1061 4081 dimergitur
1076 4012 1141 4065 libri
1177 4012 1209 4065 21
1227 4029 1283 4065 cor-

135 4100 260 4171 ruptibili
282 4100 305 4151 Τ
373 4100 407 4154 22
426 4101 540 4153 terrenis
559 4115 610 4154 om.
631 4100 657 4154 B
724 4102 761 4154 24
779 4100 916 4154 declarare
934 4100 988 4153 PB
1007 4100 1138 4155 declarari
1162 4100 1193 4154 T‘
1212 4101 1232 4167 <i
1251 4117 1285 4153 ca·

136 4190 160 4257 e)
178 4195 226 4243 cet.
241 4194 308 4258 poet
325 4189 376 4243 boc
392 4189 506 4243 uerbum
526 4188 593 4242 add.
613 4188 662 4241 llll
682 4188 776 4243 ARCA
795 4188 869 4243 Non
884 4190 911 4242 Ρ
929 4189 962 4242 de
982 4189 1062 4243 aroba
1076 4176 1138 4253 noe,'
1150 4190 1199 4244 sed
1212 4205 1282 4244 erae.

138 4278 170 4331 T‘
225 4278 261 4333 25
279 4276 329 4331 sed
348 4278 430 4331 etiarn
448 4277 476 4330 B
555 4294 644 4331 arcam
665 4280 690 4330 Ρ
708 4281 745 4346 (m
765 4282 845 4343 erac)
929 4278 1045 4332 arbitror
1064 4294 1114 4332 om.
1135 4277 1168 4331 N
1238 4278 1283 4347 qui

133 4368 219 4422 Pmr
242 4366 455 4436 Tquista
473 4371 519 4420 cet.
