3142 4967
264 480 332 542 458
623 442 628 447 ’
733 478 933 532 Ambrosii

205 675 248 738 62
259 690 354 754 posse
383 674 566 737 consistere.
599 670 761 754 perhanc
792 668 891 753 igitur
918 670 1086 735 fenestram
1111 689 1243 735 coruum
1267 671 1403 754 primunr
1448 672 1546 739 assas

258 780 365 843 iustus
395 780 509 845 emisit.
543 778 724 861 quaerenda
751 796 847 841 causa
874 796 931 841 nec
957 782 1060 842 tamen
1083 778 1164 842 latet
1187 782 1342 860 quantum
1367 780 1404 843 ad

256 884 397 950 litteram
430 887 576 970 pertinet,
610 886 685 969 quia
716 884 859 968 plerique
891 885 983 966 qnasi
1011 884 1197 949 adeuntium
1226 886 1405 949 futurorum

258 1012 389 1057 coruum
404 994 574 1058 aestimant
590 995 622 1056 et
640 1011 737 1056 uoces
757 991 826 1055 eius
844 992 1015 1055 obseruant
1032 991 1222 1074 uolatusque
1242 992 1405 1058 rimantur.
1545 1066 1546 1069 Ἴ

258 1118 372 1164 sensus
391 1104 498 1164 autem
518 1100 612 1165 altior
628 1099 789 1184 significat
804 1099 887 1181 quod
907 1116 995 1162 mens
1010 1098 1098 1176 insti,
1114 1098 1239 1179 quando
1254 1099 1406 1165 mundare
1436 1127 1447 1165 a
1545 1088 1546 1149 ἶ

258 1226 292 1271 se
316 1207 438 1289 incipit,
462 1226 542 1289 quae
565 1206 733 1271 tenebroso
752 1207 783 1269 et
801 1205 955 1268 inmunda
973 1208 1006 1269 et
1024 1205 1190 1269 temeraria
1210 1210 1285 1269 sunt
1303 1208 1405 1288 primo
1545 1194 1546 1199 ¹

256 1332 275 1376 a
295 1333 328 1378 se
348 1314 483 1396 repellit,
503 1313 661 1395 siquidem
681 1311 785 1377 omisis
804 1310 991 1394 inpudentia
1009 1315 1105 1394 atque
1122 1312 1219 1393 culpa
1237 1314 1406 1378 tenebrosa

257 1429 307 1485 est
339 1423 372 1484 ot
403 1420 537 1484 mortuis
569 1420 712 1502 pascitur
743 1416 827 1483 sicut
860 1438 985 1493 coruus,
1019 1417 1131 1481 lumini
1165 1422 1271 1483 autem
1299 1418 1406 1483 uicina

256 1526 370 1604 uirtus
410 1546 489 1609 quae
522 1526 639 1590 mentis
671 1526 811 1607 puritate
845 1528 878 1589 et
909 1524 1114 1607 simplicitate
1145 1510 1337 1608 resplendet.
1372 1532 1404 1590 et
1460 1541 1478 1593 B

255 1632 326 1697 ideo
363 1636 526 1715 tamquam
563 1631 721 1697 emittitur
747 1637 785 1721 et
817 1632 948 1716 fugatur
979 1632 1073 1714 culpa
1105 1635 1138 1696 et
1169 1637 1336 1715 separatur
1366 1634 1403 1697 ab
1424 1661 1446 1698 ro
1545 1656 1546 1733 p

254 1738 446 1821 innocentia,
471 1743 508 1804 nt
531 1739 609 1803 nihil
632 1742 793 1803 remaneat
815 1739 845 1801 in
870 1738 932 1803 uiri
954 1738 1034 1802 iusti
1058 1742 1163 1803 mente
1186 1740 1403 1807 tenebrosum.

256 1844 391 1927 denique
404 1865 551 1929 egressus
567 1864 683 1910 cousus
698 1865 758 1910 non
774 1846 945 1910 reuertitur
959 1845 998 1909 ad
1017 1846 1149 1924 iustum,
1170 1847 1242 1929 quia
1262 1847 1402 1932 fugitans

255 1953 357 2016 omnis
382 1955 475 2035 culpa
504 1957 554 2018 est
581 1954 752 2036 aequitatis
780 1973 839 2018 nec
866 1953 1017 2037 probitati
1044 1953 1173 2018 uidetur
1200 1958 1233 2017 et
1260 1954 1402 2021 iustitiae

255 2060 431 2125 conuenire.
470 2060 604 2143 denique
637 2060 778 2125 euasisse
812 2079 845 2125 sc
874 2060 974 2125 credit
1000 2060 1142 2125 iniustus
1169 2065 1334 2143 tamqnam
1364 2063 1401 2127 de

254 2163 404 2241 uinculis,
433 2184 505 2231 oum
528 2167 634 2231 iustus
659 2168 697 2232 ab
722 2169 792 2232 eius
816 2186 850 2233 se
875 2167 1034 2232 consortio
1059 2168 1262 2251 superauerit,
1287 2169 1401 2234 diluuii
1420 2193 1440 2231 o

254 2271 419 2337 cniusdam
446 2276 479 2338 et
502 2277 700 2357 connptelae
723 2274 900 2352 familiaris,
925 2278 962 2338 ut
990 2293 1116 2351 cornus,
1146 2274 1211 2356 qui,
1240 2294 1314 2339 cum
1343 2276 1401 2340 sic-

254 2380 382 2444 citatem
394 2383 495 2445 terrae
506 2382 841 2463 nusquaminuenerit
853 2400 913 2446 non
927 2400 1075 2446 reuersus
1091 2385 1150 2459 est,
1166 2382 1222 2447 sed
1235 2382 1399 2447 remansit
1457 2393 1474 2448 (3

198 2490 241 2554 63
253 2488 515 2553 considerandum
547 2489 642 2553 etiam
675 2508 771 2572 qrrare
803 2508 863 2553 non
896 2508 1078 2573 regressum
1112 2488 1225 2553 dixerit
1256 2508 1398 2567 coruum,

253 2594 377 2659 donec
420 2595 601 2660 siccaret
639 2615 740 2678 equa
768 2616 786 2660 a
814 2598 929 2671 terra,
968 2596 1058 2677 quasi
1096 2614 1171 2660 uero
1208 2602 1321 2678 postea
1357 2597 1399 2662 sit

250 2720 427 2785 regressus.
470 2702 525 2767 sed
568 2703 705 2767 elocutio
748 2704 913 2767 familiaris
955 2702 1130 2785 scripturae
1171 2706 1221 2768 est
1262 2702 1437 2780 diatmaro

252 2809 409 2890 siquidem
443 2813 475 2874 et
505 2811 536 2874 in
571 2811 736 2894 euangelio
769 2811 868 2875 habes
901 2810 1054 2892 scriptam
1089 2811 1126 2875 ric
1159 2814 1269 2875 sancta
1299 2811 1397 2875 Maria

250 2916 335 2997 quod
358 2936 420 2982 non
444 2918 629 3000 cognouerit
651 2936 719 2981 eam
748 2918 875 3000 Ioseph,
910 2918 1007 2983 donec
1035 2917 1157 3001 peperit
1183 2917 1296 2995 filium,
1325 2936 1393 2983 oum

249 3022 361 3105 utique
384 3042 442 3087 nec
465 3027 576 3106 postea
600 3024 796 3108 cognouerit.
820 3024 933 3089 deinde
959 3043 1038 3107 quae
1058 3030 1108 3088 est
1125 3016 1246 3089 locutio
1265 3026 1338 3101 ista,
1358 3029 1392 3091 ut

250 3128 368 3193 diceret
391 3130 515 3194 donec
541 3131 720 3196 siccaret
743 3150 844 3213 aqua
867 3151 886 3195 a
908 3134 1027 3209 terra,
1051 3151 1111 3196 non
1130 3136 1214 3195 terra
1233 3133 1271 3197 ab
1292 3137 1389 3215 aqua?
1444 3144 1464 3197 Ι)

247 3236 432 3317 etquidem
455 3256 534 3301 usus
557 3237 708 3319 loquendi
731 3238 827 3302 etiam
851 3239 911 3303 hoc
936 3238 1049 3303 habere
1078 3240 1255 3305 consueuit.
1287 3244 1388 3304 tamen
1407 3258 1429 3296 a

338 3427 350 3478 l
372 3425 439 3480 Gen.
458 3428 483 3490 8,
503 3430 519 3481 6
537 3427 617 3481 Plrilo
638 3427 749 3493 Quaest.
769 3430 795 3482 11
815 3430 848 3483 35
897 3430 929 3483 12
949 3429 1015 3484 Gen.
1036 3430 1091 3495 8,7
1141 3430 1172 3483 18
1186 3430 1266 3483 Philo
1283 3430 1388 3497 Quaerit.

246 3512 328 3566 1136
385 3515 417 3568 19
438 3513 584 3577 Gen.8‚7
640 3518 672 3570 21
693 3518 793 3570 Matio.
815 3518 837 3581 1,
857 3520 891 3571 25
947 3518 1079 3572 23Ρ11110
1101 3518 1313 3583 (1010011131

281 3638 393 3691 truens
413 3638 490 3708 iusti]
511 3639 598 3692 omnis
617 3640 705 3692 iustus
723 3640 786 3692 ΒΝ
879 3641 1007 3695 mundare
1027 3642 1054 3695 P
1072 3647 1108 3708 (m
1127 3658 1148 3697 a.
1166 3660 1194 3698 u.
1214 3644 1272 3714 arra)
1292 3644 1388 3697 undare

245 3730 308 3790 (om.
328 3728 368 3794 se)
391 3727 416 3780 T
469 3730 485 3783 6
504 3732 569 3781 sunt
588 3745 637 3781 ono.
656 3729 719 3787 CM.
736 3735 801 3797 post
819 3730 965 3783 tenebroso
983 3736 1171 3799 trampoomnt
1183 3732 1245 3785 DN
1299 3734 1331 3786 12
1349 3748 1387 3785 re·

246 3816 330 3868 uertit
351 3816 402 3870 TC
473 3818 505 3871 13
525 3819 672 3886 aequitatis
691 3819 718 3870 P
735 3819 757 3883 (i
771 3835 816 3887 pr.
837 3822 884 3873 ur2
902 3836 935 3873 ex
954 3819 1000 3888 ali)
1086 3820 1223 3889 probitate
1243 3822 1270 3873 P
1288 3822 1308 3887 (i
1325 3838 1346 3875 a.
1365 3838 1386 3880 e,

243 3904 293 3957 sed
310 3910 391 3971 erus.)
415 3906 481 3958 ΡΝ
556 3907 588 3960 14
607 3906 723 3976 denique
744 3909 862 3961 euasisse
882 3908 910 3961 P
926 3907 970 3977 (oe
989 3925 1023 3962 aar
1041 3907 1091 3973 (11,
1111 3909 1193 3978 nique
1213 3926 1227 3963 e
1245 3911 1277 3963 iar
1294 3926 1349 3965 rus.
1370 3912 1385 3961 5

244 3992 307 4057 litt,
326 4010 445 4062 qaorum
462 3996 563 4048 ultima
582 4014 594 4048 s
607 3998 699 4063 fuscae
716 3996 839 4062 uidetur)
892 3998 924 4051 15
944 3998 1031 4051 iustus
1046 3998 1074 4050 P
1091 4000 1135 4063 (ns
1150 3999 1199 4051 alt.
1214 4002 1262 4051 m2
1275 4000 1306 4052 s'a
1319 4003 1383 4062 rus.)

243 4107 304 4160 istis
324 4112 386 4174 (orsa.
407 4114 478 4173 curn)
501 4110 526 4163 Τ
562 4112 593 4164 17
613 4077 852 4182 ΐθπςιιόενᾳιιειη
871 4112 898 4165 Ρ
916 4115 986 4165 terre
1005 4129 1141 4181 nusquam
1160 4113 1192 4166 T‘
1212 4118 1238 4179 (e
1258 4116 1307 4168 ars.
1327 4120 1384 4168 etu

242 4194 274 4247 in
292 4204 359 4262 ras.)
437 4198 573 4251 inueniret
592 4199 658 4252 ΝΜ
756 4202 791 4253 20
811 4201 927 4254 elocutio
942 4202 1020 4253 Pno1
1037 4201 1103 4255 haec
1121 4202 1224 4255 locutio
1243 4202 1326 4257 Pma
1339 4210 1382 4256 cet.

280 4283 388 4339 diuinae
408 4291 449 4339 est
468 4288 615 4356 scripturae
634 4288 668 4341 N
772 4290 806 4343 '23
827 4294 956 4358 quaeest
981 4295 1035 4349 (est
1057 4306 1077 4346 s.
1102 4306 1129 4345 u.
1148 4292 1204 4359 m2)
1225 4290 1341 4356 elocutio
1363 4290 1385 4343 T

241 4374 276 4425 24
297 4390 312 4425 a
330 4379 536 4445 terra...aqua
554 4378 632 4445 infru
652 4380 683 4430 in
700 4395 750 4447 rap.
771 4382 813 4431 ml
831 4378 858 4431 P
