3142 4967
237 443 278 505 14
703 432 902 489 Ambrosii

235 633 317 697 3313
337 632 448 716 exiguo
469 633 628 697 momento
649 649 774 695 summa
793 628 984 712 operationis
1004 628 1133 709 inpleta.
1154 634 1230 694 sunt
1247 649 1322 711 ergo
1346 640 1379 695 et

235 740 290 821 qui
322 738 513 823 principium
545 756 605 801 non
630 756 686 819 pro
710 740 853 819 tempore
882 734 1048 816 accipiant,
1073 734 1129 799 sed
1153 738 1226 801 ante
1248 739 1377 819 tempus

235 850 267 911 et
279 844 443 930 κεφάλαιον
458 844 511 909 331
526 846 631 927 caput,
647 846 684 906 33
698 841 842 906 dicamus
855 841 964 920 latine,
979 841 1069 924 quasi
1085 860 1243 906 summam
1261 844 1377 925 operis,
1441 844 1466 899 F}

235 952 309 1035 3313
331 970 435 1015 rerum
459 950 637 1017 uisibiliunr
668 967 793 1014 summa
821 949 944 1013 caelum
967 950 1000 1012 et
1021 951 1105 1013 terra
1128 952 1188 1029 est,
1213 968 1292 1031 quae
1316 968 1378 1013 non

235 1058 340 1123 solum
363 1056 402 1121 ad
426 1054 535 1121 muudi
558 1055 655 1120 huius
680 1057 823 1137 spectare
845 1053 995 1119 uidentur
1018 1057 1175 1132 ornatum,
1199 1055 1255 1119 sed
1283 1056 1380 1121 etiam
1411 1080 1424 1117 3

235 1164 274 1229 ad
311 1162 465 1229 indicium
501 1182 606 1227 rerum
643 1160 854 1225 inuisibilium
892 1163 924 1225 et
960 1160 1119 1244 quoddam
1156 1166 1379 1245 argumentum

235 1290 342 1335 eorum
375 1288 454 1352 quae
486 1288 548 1333 non
581 1268 741 1345 uidentur,
765 1269 803 1331 33
827 1270 876 1331 333
897 1266 979 1331 illud
1001 1268 1239 1350 propheticum:
1273 1270 1379 1334 caeli

235 1378 423 1441 enarrant
446 1375 616 1459 gloriam
640 1374 704 1438 dei
723 1374 762 1437 et
781 1393 901 1456 opera
919 1392 1104 1439 manuum
1124 1374 1212 1439 eius
1233 1375 1379 1440 adnun-

234 1483 314 1547 tiat
335 1482 645 1545 firmamentum.
670 1478 754 1561 quod
778 1483 909 1544 secutus
933 1480 1098 1562 apostolus
1121 1481 1193 1546 aliis
1216 1482 1323 1547 uerbis
1345 1484 1378 1547 in

235 1588 367 1653 eandem
386 1588 545 1653 conclusit
559 1587 748 1655 sententiam
769 1586 893 1651 dicens:
914 1586 1007 1667 quia
1024 1587 1266 1654 inuisibilia
1289 1589 1378 1654 eius
1398 1618 1425 1657 ιο

235 1713 303 1776 per
344 1713 387 1758 ea
428 1712 527 1776 quae
569 1694 680 1757 facta
722 1695 816 1756 sunt
855 1692 1172 1777 intelleguntur.
1216 1699 1377 1760 auctorem

236 1801 318 1865 enim
351 1799 536 1883 augelorum
568 1802 599 1863 et
623 1798 873 1875 dominationum
898 1804 930 1863 et
952 1802 1150 1881 potestatum
1171 1802 1265 1866 facile
1287 1802 1379 1867 intel·
1442 1806 1465 1858 F

233 1907 371 1990 legimus
404 1926 478 1971 eum
510 1906 564 1988 qui
587 1908 747 1970 momento
771 1905 895 1987 imperii
919 1906 969 1970 sui
992 1906 1073 1970 hanc
1095 1909 1218 1971 tantam
1240 1909 1379 1989 pulchri·

234 2013 378 2078 tudinem
408 2012 520 2079 mundi
553 2031 589 2077 ex
620 2011 719 2075 nihilo
752 2011 832 2077 feeit
864 2030 944 2088 esse,
969 2031 1049 2093 3333
1077 2032 1138 2077 333
1162 2016 1238 2093 erat,
1263 2018 1295 2078 et
1316 2034 1379 2080 non

236 2119 415 2185 extantibus
448 2122 504 2183 333
534 2119 628 2183 rebus
653 2120 708 2182 aut
732 2117 838 2182 causis
863 2117 994 2183 donauit
1016 2118 1131 2183 habere
1154 2120 1378 2191 substantiam.
1398 2150 1425 2191 15

138 2228 286 2310 5,17est
323 2227 406 2291 enim
443 2226 496 2290 hio
532 2224 670 2289 mundus
708 2223 834 2289 diuinae
872 2224 1031 2305 specimen
1069 2226 1271 2308 operationis
1305 2228 1380 2310 quia

236 2334 311 2399 dum
345 2352 425 2415 opus
457 2332 595 2411 uidetur,
618 2332 795 2415 praefertur
826 2334 980 2413 operator.
1012 2350 1147 2413 namquo
1176 2336 1214 2398 33
1243 2334 1378 2399 istarum
1425 2328 1488 2384 oh

179 2470 181 2473 ·
236 2441 351 2504 artium
385 2438 464 2505 aliae
498 2442 572 2504 sunt
604 2442 763 2515 actuosae,
789 2457 869 2522 3333
892 2438 1022 2502 suntin
1046 2440 1185 2521 corporis
1208 2444 1300 2505 motu
1324 2445 1380 2506 aut

237 2566 313 2613 sono
346 2546 435 2611 uocis
462 2582 499 2593 —
526 2546 665 2611 cessauit
696 2550 805 2611 motus
829 2547 885 2608 aut
907 2562 1016 2620 sonus,
1040 2544 1120 2611 nihil
1142 2547 1300 2629 superfuit
1322 2566 1379 2611 neo

236 2654 388 2719 remansit
419 2651 638 2736 spectantibus
672 2653 723 2717 uel
757 2649 961 2716 audientibus
984 2688 1038 2728 —-,
1064 2652 1144 2717 aliae
1176 2653 1378 2733 theoreticae,
1397 2683 1425 2723 ao

237 2780 316 2843 quae
339 2760 481 2843 uigorem
506 2759 622 2823 mentis
647 2760 819 2835 exerceant,
844 2758 924 2823 aliae
947 2757 1142 2837 huiusmodi,
1166 2762 1203 2823 ut
1234 2764 1378 2825 cessante

236 2884 361 2949 333333
394 2864 584 2948 operationis
618 2864 721 2929 officio
755 2865 859 2947 operis
890 2882 1008 2929 munus
1031 2863 1189 2947 adpareat,
1212 2869 1250 2930 ut
1272 2865 1380 2931 aedili-

236 2973 319 3037 catio
343 2976 438 3055 atque
462 2974 596 3049 textura,
621 2990 701 3053 quae
725 2971 821 3036 etiam
844 2974 969 3034 tacente
993 2970 1112 3036 artifice
1139 2973 1284 3055 peritiam
1309 2974 1379 3037 eius

236 3078 412 3156 ostendant,
442 3080 478 3142 ut
511 3076 668 3159 operatori
701 3077 804 3159 operis
838 3077 888 3142 sui
920 3078 1141 3143 testimonium
1173 3080 1378 3163 suffragetur:

236 3185 383 3249 similiter·
414 3184 507 3247 etiam
541 3184 593 3248 hio
626 3183 764 3247 mundus
798 3183 924 3247 diutinae
955 3185 1134 3249 maiestatis
1165 3185 1288 3269 insigne
1318 3190 1378 3263 est,
1396 3218 1424 3259 25
1443 3194 1468 3246 Β

236 3294 273 3356 33
303 3310 359 3375 per
390 3289 497 3373 ipsum
530 3289 581 3354 dei
614 3290 770 3373 sapientia
801 3290 1032 3355 manifestetur.
1057 3310 1151 3372 quern
1174 3292 1287 3356 uidens
1310 3312 1380 3376 pro·

235 3399 332 3481 pheta
363 3397 459 3462 simul
493 3401 525 3462 et
557 3396 596 3460 ad
627 3396 805 3462 inuisibilia
837 3397 947 3463 oculos
980 3398 1096 3462 mentis
1130 3398 1286 3464 adtollens
1319 3400 1379 3469 ait:

323 3623 421 3677 4Β33.
443 3622 563 3694 160(ss
582 3623 615 3691 Ε)
672 3622 806 3677 7Ρ33133.
826 3623 950 3678 XVIIII
1017 3625 1050 3679 10
1069 3625 1144 3678 Rom.
1167 3626 1189 3689 1,
1210 3626 1244 3680 20
1262 3625 1326 3679 Bas.
1347 3627 1380 3681 16

237 3714 265 3779 Ο,
287 3713 406 3784 13036
425 3709 545 3781 ajon)
639 3712 840 3778 lacense-1,
861 3714 894 3769 16
981 3713 1379 3785 18Bas.17AB(7B—D)

271 3858 495 3947 anahamon
516 3891 626 3949 cous
640 3890 830 3946 ucnaaoou
853 3891 879 3943 V
893 3889 1096 3943 33333333
1114 3891 1151 3945 m
1167 3894 1229 3956 (aa.
1250 3893 1288 3957 et)
1309 3892 1380 3945 cer-

235 3981 297 4035 1333
311 3986 358 4035 cet.
396 3982 480 4035 7333
492 3979 630 4035 CGVMS
645 3978 763 4035 nondum
774 3979 844 4032 ΝΒ
880 3978 913 4033 14
930 3996 985 4033 333
1004 3977 1075 4032 deG
1095 3978 1140 4043 (de
1158 3995 1180 4032 s.
1199 3996 1226 4037 3,
1245 3980 1381 4047 332)Ν’Β

237 4071 270 4123 16
289 4070 360 4123 eninr
381 4068 543 4139 OGVergo
561 4069 595 4123 N
638 4070 671 4123 18
689 4072 794 4122 motum
816 4068 840 4121 0
857 4073 894 4133 (m
914 4069 963 4121 alt.
982 4068 1046 4135 del.)
1065 4067 1174 4123 modum
1198 4069 1226 4122 V
1268 4070 1382 4125 1933313

237 4176 255 4211 o
273 4158 364 4213 uerbis
383 4162 430 4211 aut
448 4173 529 4212 33333
548 4158 646 4226 incipit
664 4158 692 4211 P
789 4158 826 4211 20
843 4156 1018 4227 peccantibus
1040 4156 1064 4207 (l
1080 4159 1161 4222 (corr.
1179 4163 1236 4224 me)
1256 4158 1284 4211 Ρ
1300 4159 1331 4228 (a.
1351 4176 1379 4216 3.

236 4246 432 4316 spectantibus)
452 4248 657 4315 expectantibus
682 4246 773 4305 Vult
847 4246 996 4301 rethoricae
1010 4244 1035 4298 ll
1085 4248 1119 4301 21
1138 4247 1286 4316 uigorem.
1306 4262 1379 4300 erer-

237 4339 348 4389 ceantur
368 4334 394 4388 G
448 4336 482 4389 26
502 4352 570 4405 3333
589 4334 613 4387 11
