3142 4967
435 469 477 523 De
496 466 556 522 Noc
575 468 618 531 29,
639 467 698 522 lll.
720 470 771 522 112
810 468 834 537 (1
852 468 905 521 272
925 467 1036 523 0—273
1054 469 1096 537 B).
1268 473 1333 536 489

185 664 396 729 inebrians
436 682 549 745 quam
586 665 852 747 praeclarum.
892 684 971 747 qnae
1004 664 1048 729 sit
1079 666 1142 729 ista
1175 665 1334 730 ebrietas?

187 770 451 835 inebriamini
475 770 580 853 inquit
602 791 673 835 non
699 772 804 847 uino,
829 772 866 835 in
891 790 966 853 quo
992 772 1244 851 estluxuria‚
1266 772 1334 837 sed

185 876 415 959 implemini
453 876 617 959 spiritu,
656 878 742 941 sicut
774 879 938 960 apostolus
973 878 1060 943 dixit.
1099 882 1130 943 et
1160 878 1334 944 secundnm

185 983 325 1050 litteram
353 984 462 1067 igitur
499 984 605 1049 cautio
645 989 695 1048 est
732 988 764 1048 et
796 984 971 1049 secundum
1006 986 1149 1050 altiorem
1183 986 1334 1067 sapientis
1363 991 1384 1043 F

153 1112 315 1157 aseneum
342 1091 484 1155 laudatio
513 1094 572 1156 est.
602 1096 715 1155 cantus
744 1093 795 1155 est
822 1092 886 1174 qui,
917 1092 978 1155 etsi
1005 1091 1152 1167 nudatur,
1177 1092 1208 1155 in
1242 1092 1335 1157 domo

184 1203 289 1263 tamen
322 1197 459 1262 nudatur
491 1217 558 1276 sua,
583 1198 637 1261 ubi
671 1199 865 1280 operimenta
897 1219 959 1263 non
989 1198 1093 1262 desint
1121 1202 1153 1263 et
1182 1198 1334 1281 quaedam

76 1301 138 1364 112
184 1306 326 1389 tegmina
357 1304 530 1381 ebrietatis,
555 1307 593 1369 ut
619 1305 700 1370 uitia
727 1324 786 1370 sua
814 1306 898 1369 norit
926 1306 1128 1370 abscondere.
1162 1306 1336 1388 corporalia

185 1411 285 1495 igitur
303 1411 425 1475 nudum
444 1430 560 1494 corpus
579 1415 694 1495 tegunt
712 1416 749 1475 ut
768 1412 905 1496 parietes
926 1415 958 1477 et
976 1415 1071 1489 tecta,
1092 1413 1213 1477 animae
1229 1416 1335 1476 autem

95 1586 103 1599 .
186 1538 266 1600 quae
277 1520 343 1583 sint
356 1518 551 1601 operimenta
565 1518 741 1584 uideamus.
758 1519 814 1583 sed
830 1522 906 1583 tunc
922 1520 1116 1602 operimenta
1130 1519 1336 1602 repperimus

141 1648 168 1687 ιο
186 1625 214 1689 si
238 1625 460 1691 enudationem
483 1626 553 1690 eius
577 1625 835 1691 discusserimus,
861 1627 985 1709 gemina
1008 1630 1114 1690 autem
1139 1630 1189 1689 est
1206 1624 1335 1690 nudatio

187 1732 349 1814 sapientis.
385 1733 509 1817 gemino
537 1733 637 1816 igitur
664 1732 782 1796 amictu
812 1752 902 1797 mens
927 1736 1034 1797 nostra
1058 1733 1205 1809 uestitnr,
1230 1733 1258 1797 si
1281 1736 1337 1796 aut

185 1839 353 1919 peccatum
375 1838 559 1920 imprudens
585 1838 749 1903 admiserit
762 1875 806 1884 -
821 1838 899 1903 haec
923 1842 974 1904 est
992 1840 1074 1902 enim
1095 1840 1225 1904 nudatio
1245 1839 1336 1903 uelut

147 1951 149 1954 ’
187 1944 292 2009 ebriae
320 1946 447 2022 mentis,
475 1948 512 2009 ut
539 1945 662 2009 nesciat
689 1946 774 2028 quod
804 1945 976 2027 delinquat,
1007 1947 1096 2027 quasi
1126 1966 1206 2028 quac
1234 1948 1435 2010 remu-aran

185 2050 284 2114 lentia
313 2051 449 2132 quadam
476 2052 672 2136 ignorantiae
699 2053 732 2117 in
761 2053 879 2117 uitium
907 2052 1043 2117 deducta
1064 2052 1191 2118 labatur
1214 2090 1257 2101 -
1281 2056 1337 2117 aut
1383 2033 1387 2039 ⁸

144 2178 169 2219 a
186 2176 298 2222 rursus
330 2159 550 2243 neglegentiae
582 2163 615 2223 et
650 2160 848 2243 ignorantiae
885 2178 996 2224 somno
1039 2162 1164 2244 sepulta
1202 2164 1348 2225 errorem

188 2282 282 2327 suum
302 2264 434 2329 nesciat.
459 2285 539 2347 quae
560 2284 630 2330 cum
651 2266 868 2341 inciderimus,
888 2265 1079 2329 immo·cum
1098 2269 1228 2347 peccata
1247 2266 1338 2348 plura

188 2370 392 2435 inciderimus
421 2373 515 2436 etiam
544 2390 601 2453 per
630 2372 796 2436 scientiam
820 2409 862 2419 —
887 2376 937 2437 est
961 2374 1042 2436 enim
1067 2372 1219 2437 naturalis
1244 2392 1336 2454 quae-

189 2477 374 2543 demetiam
394 2480 520 2541 nostrae
539 2478 733 2541 infirmitatis
753 2478 900 2556 ebrietas,
920 2482 957 2541 ut
975 2478 1097 2560 impetu
1117 2478 1336 2543 delectationis

189 2585 326 2650 feramur
350 2586 380 2648 in
405 2585 532 2661 uitium,
556 2586 643 2649 sicut
664 2586 807 2667 plerique
831 2586 972 2649 iuuenali
998 2586 1122 2649 accensi
1150 2587 1252 2650 calore
1280 2590 1336 2650 aut

144 2714 171 2752 ao
188 2692 314 2756 luxuria
336 2696 369 2755 et
392 2690 602 2756 delectatione
625 2692 777 2755 flammati
802 2694 857 2756 aut
881 2692 1031 2756 auaritiae
1055 2692 1136 2775 rapti
1160 2692 1335 2775 cupiditate
1362 2694 1384 2747 B

188 2834 241 2873 -,
272 2802 355 2863 certe
390 2798 537 2863 omnibns
565 2797 615 2861 his
643 2798 800 2862 medicina
828 2802 1006 2879 quaeratur,
1036 2804 1071 2861 ut
1104 2798 1219 2880 aliquio
1248 2800 1337 2881 tegat

188 2902 371 2970 huiusmodi
389 2904 604 2969 infirmitatem
624 2924 715 2969 snam
732 2905 872 2986 primum
891 2904 1011 2987 pudore
1034 2904 1169 2987 quodam
1194 2908 1226 2969 et
1249 2923 1335 2968 uere-

189 3012 313 3093 cundia,
344 3015 382 3076 ut
409 3011 536 3076 etiarnsi
563 3011 594 3074 in
623 3010 745 3075 lubrico
775 3010 819 3075 sit
846 3010 948 3075 adhue
971 3012 1097 3094 positus
1122 3011 1335 3093 delinquendi,

189 3119 244 3182 det
274 3123 381 3183 tamen
415 3118 643 3183 emendationis
675 3118 811 3202 insigne.
850 3118 966 3182 etenim
999 3118 1173 3201 plurimum
1204 3118 1337 3182 interest

144 3246 172 3287 aa
189 3228 295 3289 utrum
329 3229 459 3307 peccata
491 3246 550 3289 sua
580 3224 697 3289 iactare
731 3224 902 3301 desiderem
935 3226 966 3289 in
997 3226 1093 3291 altero
1123 3225 1204 3289 enim
1233 3224 1336 3307 turpis

188 3331 382 3415 inpudentia,
406 3333 437 3395 in
462 3332 560 3396 altero
583 3331 760 3397 tolerabilis
783 3332 976 3397 uerecundia
999 3351 1088 3414 spem
1115 3333 1241 3397 futurae
1270 3350 1336 3397 cor-

278 3556 414 3627 2111111.
434 3558 460 3623 5,
482 3557 515 3611 18
583 3560 599 3611 5
617 3556 698 3609 Philo
719 3556 829 3623 Quaest.
850 3556 876 3609 ll
896 3558 930 3611 69
1000 3558 1031 3610 15
1051 3556 1130 3625 Uerg.
1150 3557 1216 3610 Aen.
1236 3557 1334 3613 11265

225 3682 313 3767 {ispa
330 3682 375 3751 aco
398 3698 494 3751 T‘DN
546 3697 714 3767 4sapientis
733 3698 858 3751 altiorem
877 3696 997 3751 1)qu
1049 3699 1064 3751 5
1085 3698 1172 3750 cautis
1191 3698 1217 3751 P
1236 3700 1263 3765 (r
1277 3714 1297 3751 s.
1313 3700 1333 3763 1)

225 3786 272 3854 qni
291 3802 342 3839 oua
361 3786 389 3839 B
480 3788 495 3840 6
515 3784 635 3839 nudatur
652 3785 699 3857 ubi
717 3802 767 3838 sua
785 3784 813 3837 B
904 3786 918 3837 7
939 3784 973 3853 etl
987 3784 1127 3837 ebrietatis
1146 3785 1173 3837 P
1195 3786 1234 3855 (et
1253 3789 1334 3851 11111.)

189 3876 322 3943 Stegant
339 3875 367 3927 P
385 3879 413 3940 (r
430 3891 451 3929 a.
472 3876 499 3945 a)
518 3875 577 3929 CM
664 3875 698 3928 10
715 3872 893 3927 nudationem
913 3873 948 3925 M
966 3873 1156 3927 emulationem
1175 3873 1203 3926 B
1293 3878 1336 3927 est

188 3964 222 4027 P,
242 3980 294 4019 erra.
314 3970 360 4017 cet.
435 3966 467 4018 12
488 3964 609 4017 amiserit
627 3962 708 4016 PNO
787 3964 820 4017 15
840 3978 934 4015 somno
949 3968 1014 4029 procl
1032 3962 1223 4065 nnpglegentiae
1242 3968 1334 4016 trane·

186 4079 269 4148 pouit
286 4080 314 4132 B
376 4079 409 4133 16
427 4097 481 4133 non
500 4078 605 4132 nesciat
623 4077 755 4141 PT‘CM,
773 4079 839 4146 fort.
858 4094 912 4131 non
932 4078 1002 4131 aciat
1021 4081 1086 4143 (non
1105 4076 1183 4143 sciat)
1241 4078 1273 4132 17
1292 4078 1334 4130 in-

190 4161 301 4249 ciderim
318 4196 347 4249 P
363 4195 390 4266 (o
408 4195 509 4249 tritiora
522 4210 577 4263 pro
601 4185 623 4260 ³)
726 4195 758 4248 19
778 4194 899 4247 iuuenali
916 4193 994 4246 sz
1014 4192 1038 4247 C
1054 4193 1168 4246 iuuenili
1186 4193 1268 4247 Pma
1286 4199 1333 4248 cet.

201 4309 204 4313 ·
224 4284 312 4338 calore
330 4284 438 4337 accensi
456 4283 483 4336 B
555 4283 587 4337 21
613 4282 656 4337 bis
675 4283 800 4337 omnibus
818 4282 852 4335 N
920 4283 954 4335 25
977 4283 1042 4349 fort.
1064 4280 1200 4335 desideret
1213 4288 1261 4339 <an
1280 4298 1334 4335 non

190 4372 340 4426 desideret>
388 4374 422 4427 26
441 4372 620 4425 uerecundiae
638 4372 666 4425 P
683 4370 845 4426 uerecundie
868 4372 900 4425 T‘
919 4370 968 4441 (·ia
988 4375 1069 4436 corr.)
1092 4370 1151 4425 CM
