3142 4967
268 413 311 477 48
740 410 939 466 Ambrosii

268 606 386 689 poterit
418 625 488 671 esse
521 606 620 671 diuini
654 607 757 690 operis
790 606 1000 674 aestimator?
1032 612 1082 673 est
1110 628 1184 693 ergo
1213 611 1350 677 latitudo
1378 612 1411 676 in

268 713 337 795 ipsa
370 713 449 777 caeli
482 712 659 780 altitudine.
693 717 769 778 suut
801 714 909 792 etism,
942 717 980 779 ut
1012 714 1051 780 do
1077 716 1129 781 bis
1157 716 1303 783 dieamus
1331 738 1411 801 quae

267 820 348 884 seire
361 837 545 901 possumus,
559 821 709 903 pleraque
728 818 874 885 aedilicia
891 820 968 886 foris
986 822 1132 901 rotunda,
1151 824 1240 888 intus
1260 825 1413 907 quadrata
1477 837 1504 889 Ι)

267 930 299 991 et
322 926 397 991 foris
422 927 583 1009 quadrata,
606 928 694 992 intus
718 928 864 1005 rotunda,
889 928 1006 1012 quibus
1030 930 1194 1012 superiora
1212 932 1307 1014 plana
1325 934 1411 1011 sunt,

265 1032 296 1096 in
324 1034 440 1115 quibus
470 1052 550 1115 equa
577 1033 703 1098 haerere
733 1035 846 1099 soleat.
875 1054 955 1116 quae
978 1037 1084 1100 tamen
1108 1035 1179 1101 ideo
1204 1037 1351 1116 dicimus,
1375 1041 1412 1103 ut
1445 1062 1459 1101 s

265 1138 432 1203 aduertant
455 1140 618 1221 opiniones
642 1160 716 1205 suas
741 1141 944 1223 opinionibus
966 1141 1036 1206 ueri
1058 1142 1267 1208 similioribus
1289 1144 1411 1209 reuinci

263 1266 358 1330 posse
387 1252 418 1313 et
446 1248 591 1312 desinant
618 1250 744 1313 tantum
774 1267 855 1330 opus
884 1248 934 1312 dei
966 1250 1122 1315 humanae
1155 1251 1346 1334 operationis
1378 1256 1411 1317 et

212 1356 390 1419 lOnostrao
414 1354 638 1437 possibilitatis
663 1354 931 1437 contomplatione
954 1355 1070 1423 metiri.
1094 1376 1153 1421 nos
1176 1360 1284 1422 autem
1313 1358 1410 1442 solip-

262 1462 404 1525 terarum
451 1462 564 1526 seriem
610 1466 705 1543 atque
751 1461 892 1526 ordinem
938 1464 1103 1545 sequimur
1142 1467 1175 1528 et
1215 1484 1296 1547 opus
1338 1484 1408 1531 oon-

262 1566 469 1649 templatione
506 1567 712 1631 aestimamus
748 1568 897 1645 auctoris,
931 1567 1008 1649 quid
1040 1567 1161 1633 dietum
1195 1570 1239 1635 sit
1270 1574 1303 1635 et
1335 1572 1406 1654 quis
1428 1584 1502 1637 ιοΕ

263 1672 376 1736 dixerit
421 1675 454 1736 et
499 1673 551 1736 oui
598 1672 722 1736 dixerit.
769 1672 844 1736 liat
888 1674 993 1756 iuquit
1037 1674 1323 1742 firmamentum
1367 1680 1406 1742 in

262 1777 386 1842 modio
411 1795 529 1859 aquae
553 1778 590 1841 et
613 1777 664 1840 sit
687 1776 907 1841 discernens
926 1777 1027 1842 inter
1045 1797 1171 1861 aquas.
1192 1780 1285 1845 audio
1305 1781 1407 1847 limna-

261 1887 404 1949 mentum
428 1884 495 1948 fieri
519 1888 697 1967 praecepto,
722 1902 784 1965 quo
811 1884 1006 1949 diuideretur
1029 1905 1112 1967 aqua
1135 1889 1168 1949 et
1195 1887 1234 1951 ab
1261 1887 1406 1954 interiore

262 1990 405 2073 superior
431 1990 671 2055 discerneretur.
701 1990 777 2072 quid
806 1992 867 2055 hoe
894 1990 1124 2059 manifestius?
1147 1993 1202 2075 qul
1224 1994 1321 2059 iussit
1344 1995 1406 2060 dis·

261 2098 345 2161 cerni
369 2117 483 2180 aquam
505 2098 670 2163 interiecto
695 2102 727 2163 et
749 2097 855 2163 medio
878 2098 1078 2164 firmamento
1097 2100 1239 2183 prouidit
1258 2102 1405 2183 quemad·
1426 2132 1455 2172 rs

259 2205 389 2270 modum
414 2204 519 2269 diuisa
542 2209 636 2287 atque
660 2204 798 2269 discreta
819 2224 945 2269 manere
967 2208 1082 2288 possit.
1105 2226 1208 2273 sermo
1232 2208 1284 2273 dei
1302 2211 1404 2275 uirtus

259 2315 387 2377 naturae
407 2315 458 2377 est
476 2316 509 2377 et
527 2312 720 2377 diuturnitas
741 2312 949 2389 substantiae,
969 2312 1074 2394 quoad
1092 2313 1174 2379 uelit
1191 2334 1262 2379 eam
1279 2335 1405 2381 manere
1476 2330 1500 2383 Ρ

260 2418 313 2501 qui
333 2419 458 2495 statuit,
483 2420 568 2485 siout
591 2420 745 2501 seriptum
770 2422 838 2483 est:
864 2418 1005 2483 statuit
1028 2438 1070 2483 ea
1091 2418 1128 2483 in
1152 2421 1345 2486 saeculum
1369 2425 1405 2485 et·

258 2526 294 2590 in
320 2528 515 2592 saeculum
539 2527 706 2604 saeculi;
730 2530 976 2609 praeceptum
999 2527 1140 2609 posuit,
1160 2531 1197 2592 et
1215 2548 1284 2593 uon
1303 2548 1405 2610 prae·

258 2634 401 2699 teribit.
431 2638 464 2699 et
491 2638 528 2699 ut
558 2635 640 2698 scias
669 2633 744 2715 quia
772 2633 810 2697 de
838 2633 911 2696 istis
940 2633 1031 2713 aquis
1059 2632 1120 2697 boo
1148 2633 1237 2711 dixit,
1266 2652 1345 2715 quas
1367 2636 1403 2699 tn
1421 2666 1452 2705 ,ο

258 2759 355 2824 negas
369 2740 511 2823 possein
528 2740 744 2823 superioribus
761 2739 841 2805 caeli
857 2758 938 2816 esse,
954 2739 1029 2803 audi
1048 2739 1229 2822 superiora:
1249 2740 1403 2805 laudato

258 2864 339 2909 eum
365 2846 462 2910 oaeli
488 2846 678 2911 saelorum
702 2851 741 2910 et
764 2864 890 2926 aquae,
911 2865 1006 2928 quae
1026 2865 1139 2928 super
1157 2848 1284 2912 caelos
1304 2852 1402 2923 sunt,

257 2952 416 3017 laudent
442 2971 573 3017 nomen
598 2952 749 3017 domini.
775 2972 876 3016 noune
900 2954 992 3035 quasi
1016 2954 1198 3019 aduersanti
1221 2954 1282 3018 tibi
1306 2954 1401 3019 dixit:

258 3060 432 3142 qnoniam
447 3060 529 3141 ipse
544 3058 641 3123 dixit
655 3063 691 3123 et
706 3060 809 3123 faeta
827 3064 926 3137 suut,
943 3061 1026 3143 ipse
1042 3060 1238 3125 mandauit
1252 3065 1289 3126 et
1305 3079 1402 3126 orea-

255 3170 293 3231 ta
308 3171 411 3232 suut:
427 3167 568 3231 statuit
587 3185 627 3230 ea
646 3166 682 3230 in
703 3166 899 3231 saeculnm
919 3171 955 3230 et
973 3167 1010 3231 in
1026 3168 1220 3232 saeculum
1237 3167 1398 3243 saeouli3
1418 3200 1448 3239 η

255 3275 501 3356 praeceptum
520 3272 660 3356 posuit,
682 3276 718 3336 et
731 3292 802 3337 non
817 3274 1055 3355 praeteribit.
1071 3294 1109 3337 an
1124 3294 1186 3339 non
1200 3274 1329 3340 uidetur
1341 3274 1400 3339 tibi

255 3383 367 3445 auctor
397 3380 541 3459 idoneus,
575 3380 629 3462 qui
661 3381 764 3465 legem
799 3400 857 3445 suo
891 3380 978 3464 operi
1011 3381 1124 3445 dareta
1156 3382 1235 3447 dens
1269 3381 1400 3463 estqui

343 3624 437 3678 dites.
458 3622 533 3678 6013
553 3624 598 3693 (25
617 3622 651 3688 Β)
753 3624 785 3677 18
805 3623 903 3677 Psalur.
923 3622 1110 3678 cxxxxvm
1129 3626 1146 3679 6
1245 3626 1277 3678 21
1297 3623 1398 3679 Pealur.

255 3712 441 3768 OXXXXVIII
459 3715 476 3766 4
495 3730 536 3782 sq.
591 3714 626 3767 24
644 3713 743 3768 Psalm.
764 3712 952 3768 cxxxxvxss
971 3715 987 3767 5
1006 3730 1046 3781 sq.

290 3873 302 3925 l
323 3873 425 3941 poterit
446 3872 578 3942 Opotest
596 3879 642 3927 cet.
712 3872 895 3926 erotundata
915 3872 964 3925 GP
1037 3874 1069 3927 13
1088 3877 1232 3943 praecepto
1254 3872 1332 3926 Coa?
1350 3890 1398 3943 per

251 3964 425 4030 praeceptum
445 3962 483 4015 M
500 3966 559 4031 (per
577 3962 639 4028 del.)
661 3962 760 4032 Slper
778 3963 860 4029 eras.)
879 3966 1053 4032 praeceptum
1072 3968 1118 4017 eet.
1194 3964 1225 4015 l'l
1246 3966 1275 4017 et
1293 3963 1397 4017 diutur-

251 4050 348 4103 nitatis
369 4048 392 4102 Ο
410 4052 449 4115 (et
468 4048 589 4103 diuturni
607 4050 639 4103 ira
655 4066 712 4103 ros.
731 4050 847 4103 mineris
864 4050 961 4118 spatie)
1044 4049 1208 4104 diuturnitas
1228 4050 1397 4106 substantiae

254 4137 279 4191 G
290 4142 336 4191 m2
355 4136 543 4191 diutnmitatis
563 4138 717 4193 substantia
736 4139 760 4191 G
771 4143 813 4191 ml
831 4145 879 4193 cet.
988 4139 1077 4208 quoad
1096 4156 1181 4209 usque
1199 4139 1236 4191 N¹
1256 4145 1282 4194 et
1301 4144 1397 4211 (usque

250 4244 271 4281 s.
290 4242 317 4279 w.
339 4229 395 4298 m2)
417 4226 444 4281 G*
486 4228 518 4281 18
538 4233 566 4281 et
584 4229 611 4281 iu
630 4228 774 4281 saeculum,
786 4244 837 4281 om.
857 4227 888 4281 N
927 4230 961 4283 23
981 4229 1190 4283 aduersantibus
1209 4230 1273 4297 (ora.
1290 4230 1354 4297 tibi)
1373 4229 1399 4282 V

251 4317 285 4370 25
306 4320 334 4369 et
352 4317 379 4369 in
399 4317 537 4371 saeculum
556 4334 606 4371 ora.
624 4315 657 4369 N
