3142 4967
267 454 332 517 476
742 447 942 503 Ambrosii

268 646 342 729 quia
366 649 437 709 ante
461 646 499 708 da
526 644 696 727 reptilibus
721 644 857 709 diximus
881 644 1055 719 uenenatis,
1081 662 1237 721 coenosae
1261 645 1323 707 alia
1347 663 1418 709 esse
1462 655 1482 707 Ε

266 753 393 835 reptilia
416 756 581 829 uenenata,
600 752 663 816 alia
681 754 858 816 mansueta.
879 750 917 814 de
936 751 1111 815 mansuetis
1130 751 1231 835 igitur
1248 750 1418 832 reptilibus

269 859 387 943 accipe,
421 878 501 940 quae
529 859 589 922 etsi
618 876 678 921 non
708 858 814 923 omnia
842 860 953 922 uentre
982 861 1014 923 et
1040 862 1167 940 pectore
1194 858 1310 940 repunt
1334 859 1419 923 siout

269 965 424 1038 colubros,
449 965 579 1049 exiguos
603 968 708 1029 tamen
733 964 831 1046 pedes
855 964 981 1040 habent,
1006 969 1042 1029 ut
1065 982 1171 1046 rapere
1195 964 1299 1049 magis
1324 984 1418 1045 quam

268 1072 429 1135 ambulare
456 1071 635 1135 uideantur.
667 1090 742 1154 ergo
770 1074 998 1137 uenenatorum
1026 1070 1187 1154 reptilium
1222 1071 1345 1135 similes
1374 1072 1420 1135 in·
1448 1092 1460 1129 s

268 1178 404 1242 mundas
446 1196 612 1259 corporeas
655 1177 761 1259 accipe
803 1178 978 1260 passiones,
1025 1181 1266 1244 mansuetorum
1312 1180 1418 1242 autern

269 1284 409 1349 decorae.
443 1284 544 1348 omnis
569 1284 651 1347 enim
676 1284 819 1359 affectus,
845 1284 899 1365 qui
924 1287 973 1349 est
995 1288 1119 1367 praeter
1142 1284 1293 1349 deformis
1316 1284 1419 1349 delec-

269 1391 400 1455 tationis
437 1390 638 1454 inlecebram.
677 1390 785 1473 passio
825 1390 951 1472 quidem
991 1395 1050 1465 est,
1091 1391 1146 1455 sed
1182 1392 1264 1455 bona
1300 1390 1418 1472 passio.

270 1496 429 1578 cupiditas
457 1497 584 1562 mollior
606 1499 638 1560 et
660 1496 706 1560 ira
730 1516 766 1560 ac
789 1496 895 1573 timor,
920 1497 997 1561 haec
1020 1497 1129 1562 noxiae
1153 1496 1274 1561 animae
1298 1495 1418 1578 passio·
1461 1508 1480 1562 F

271 1622 325 1667 nes
350 1608 434 1678 sunt,
459 1603 590 1667 allectus
615 1607 721 1668 autem
746 1603 865 1669 innoxii
888 1603 1052 1686 passiones
1076 1603 1175 1669 bonae
1201 1606 1284 1667 sunt.
1313 1606 1345 1669 ct
1367 1602 1418 1665 bis
1438 1624 1460 1661 n

271 1709 400 1773 uiuendi
424 1709 553 1791 quidam
577 1709 667 1773 nobis
692 1728 771 1773 usus
794 1708 994 1773 ministratur
1018 1712 1050 1773 et
1074 1728 1178 1783 carisa,
1207 1709 1319 1772 barum
1348 1707 1417 1773 cibo

271 1815 393 1879 utimur
417 1816 456 1879 ad
480 1816 566 1880 uitae
590 1816 735 1897 gratiam,
760 1815 870 1879 barum
897 1816 999 1898 epulis
1025 1815 1229 1882 delectamur.

159 1929 270 2013 ⁶25,89
317 1921 400 2001 Quid
429 1926 479 1986 est
506 1922 602 1985 etiam
636 1922 720 2003 quod
753 1923 811 1987 ait:
844 1921 955 1986 sicut
984 1922 1124 1986 holera
1154 1921 1296 2004 pabuli
1327 1920 1418 1985 dedi
1460 1928 1543 1988 assu

272 2028 391 2092 uobis
415 2027 568 2091 omnia?
592 2026 623 2091 in
649 2046 710 2108 qno
735 2028 823 2091 ethi
849 2028 901 2109 qui
932 2027 1121 2109 simpliciter
1148 2026 1350 2111 intellegunt,
1382 2030 1420 2089 ut
1542 2032 1543 2037 ’

274 2153 332 2197 nou
372 2133 547 2215 expendant
584 2134 736 2199 sennonis
774 2154 914 2209 eramen,
947 2154 1007 2199 non
1042 2134 1134 2199 nobis
1167 2134 1317 2199 uidentur
1349 2153 1419 2199 esse
1438 2158 1460 2195 u

273 2240 431 2305 contrarii.
465 2245 541 2305 sunt
567 2240 650 2304 enim
680 2242 734 2323 qui
757 2243 872 2322 putant
895 2242 979 2322 quod
1003 2242 1111 2305 holera
1134 2240 1173 2304 ad
1197 2260 1303 2305 escam
1328 2240 1418 2305 nobis

273 2346 324 2410 dei
347 2346 439 2411 iussu
462 2347 623 2411 adtributa
646 2347 824 2423 uideantur,
853 2366 914 2429 quo
944 2348 994 2411 bis
1022 2346 1124 2431 magis
1153 2348 1199 2411 uti
1230 2366 1325 2429 quam
1354 2366 1417 2411 car-

272 2454 396 2517 nalibus
411 2454 515 2536 epulis
535 2453 720 2518 debeamus:
741 2473 799 2537 ego
820 2457 927 2518 autem
946 2454 1081 2519 libenter
1100 2454 1150 2518 bis
1170 2453 1417 2535 adquiescerem.

272 2564 310 2625 ut
337 2562 444 2645 generi
472 2561 635 2625 bominum
666 2560 705 2624 ad
734 2562 958 2643 parsimoniam
986 2561 1089 2645 magis
1119 2564 1151 2625 et
1178 2561 1418 2643 temperantiam

273 2666 417 2731 holerum
450 2688 528 2732 usus
563 2668 760 2743 inolesceret,
794 2668 856 2732 nisi
888 2668 1030 2732 uiderem
1063 2669 1101 2732 ab
1135 2668 1185 2731 his
1214 2668 1269 2751 qui
1296 2667 1327 2731 id
1357 2687 1458 2732 nonu
1542 2652 1543 2727 ἶ

271 2772 406 2838 libenter
433 2774 592 2856 accipiunt
618 2793 713 2857 posse
741 2774 849 2839 referri
877 2775 957 2839 mihi
985 2774 1058 2856 quia
1084 2794 1146 2839 non
1174 2774 1281 2838 omnia
1311 2774 1417 2839 holera
1458 2788 1475 2841 C

272 2899 363 2945 escae
386 2880 547 2945 hominum
566 2882 769 2948 inueniuntur
788 2880 1003 2959 adcommoda,
1024 2882 1135 2947 deindo
1155 2881 1229 2963 quia
1247 2902 1308 2947 non
1327 2900 1416 2946 omne
1542 2866 1543 2869 ¹

271 2987 436 3052 homiuum
465 3007 565 3071 genus
593 2988 766 3070 sapientiae
796 2991 828 3053 et
855 2990 1066 3053 continentiae
1090 3007 1196 3053 amore
1221 2988 1358 3065 ducitur,
1381 2991 1416 3051 ut

273 3093 613 3175 continentiamseqni
635 3094 748 3175 possit.
784 3098 817 3159 et
839 3094 910 3158 ideo
936 3094 1019 3175 quod
1044 3094 1188 3179 generale
1212 3096 1413 3177 praeceptum

362 3335 395 3389 13
415 3335 481 3389 Gen.
502 3338 527 3401 9,
547 3336 563 3390 3
581 3336 661 3390 Philo
681 3336 791 3403 Quaest.
812 3336 839 3391 ΙΙ
859 3338 894 3392 58

306 3476 322 3529 2
341 3476 451 3545 reptilia
469 3476 495 3528 P
512 3482 544 3539 (a.
563 3475 590 3528 ia
608 3482 676 3541 ras.)
750 3477 899 3531 mansuetis
918 3494 981 3547 ergo
1002 3478 1029 3531 Β
1086 3481 1104 3531 4
1123 3478 1246 3543 colubres
1269 3478 1294 3531 Τ
1312 3479 1334 3545 (1
1352 3495 1373 3532 a.
1389 3494 1415 3541 es

270 3567 328 3635 m2)
392 3569 408 3619 b
428 3564 571 3617 inmundas
594 3564 690 3618 T‘DN
704 3572 729 3619 et
748 3570 776 3633 (a
794 3567 826 3619 e'n
844 3572 912 3633 roa.)
932 3566 969 3619 M
985 3567 1128 3621 inmundos
1150 3567 1318 3621 Cinmundo
1339 3566 1417 3620 PTB

271 3656 287 3709 6
302 3670 443 3724 corporeas
458 3655 483 3707 T
495 3655 728 3724 corporePBCM
742 3662 767 3709 et
783 3656 914 3726 (eorporis
929 3662 1009 3723 corr.)
1029 3656 1061 3711 Y‘
1075 3658 1101 3711 in
1118 3674 1228 3727 corpore
1242 3654 1307 3710 DN
1341 3654 1416 3709 'lda-

269 3744 369 3796 formcs
387 3742 415 3795 P
433 3742 492 3797 lis.
513 3760 527 3805 e
546 3742 607 3806 alt.)
627 3743 655 3795 B
744 3743 929 3797 8inleeebras
948 3744 976 3797 B
1057 3744 1171 3814 quedam
1195 3745 1221 3798 T
1237 3746 1263 3815 (e
1281 3744 1418 3810 mima)

270 3832 440 3901 9cnpiditas
459 3832 576 3884 enimB
683 3832 751 3886 haec
774 3833 801 3885 P
825 3836 850 3897 (c
874 3836 954 3898 eruo.)
986 3834 1056 3903 T(c
1079 3850 1137 3903 cap.
1162 3838 1219 3900 m2)
1239 3834 1275 3886 M
1298 3834 1352 3887 hae
1371 3839 1416 3887 cet.

272 3922 304 3972 12
324 3925 353 3973 et
369 3921 466 3973 hurum
486 3921 513 3973 P
530 3923 570 3985 (et
588 3937 609 3975 a.
627 3927 667 3986 u.)
691 3922 752 3974 T‘B
822 3923 854 3976 13
874 3922 949 3976 olera
971 3922 1083 3976 Tuon!
1146 3924 1178 3979 15
1198 3922 1326 3976 uidentur
1344 3923 1372 3975 P
1390 3926 1416 3985 (u

269 4025 290 4062 a.
309 4014 349 4075 u.)
442 4011 474 4063 16
493 4010 576 4079 qnod]
596 4015 627 4063 ut
645 4010 713 4077 DN,
731 4027 782 4065 om.
806 4011 864 4065 CM
964 4012 1058 4065 holera
1076 4012 1105 4065 D
1123 4012 1151 4081 (h
1169 4028 1190 4065 a.
1210 4016 1250 4077 u.)
1270 4012 1344 4065 olera
1362 4008 1417 4063 NB

271 4098 304 4151 17
323 4097 351 4151 dl
370 4098 453 4151 ecda
474 4098 499 4150 T
569 4099 644 4151 iussu
663 4099 745 4151 PTB
763 4104 831 4153 nutu
851 4104 897 4155 cet.
981 4100 1124 4153 uideantur
1143 4117 1193 4155 our.
1213 4100 1250 4153 M
1330 4100 1416 4168 magis

271 4192 399 4255 tanquam
420 4187 572 4241 carnalibus
592 4188 679 4257 epulis
698 4188 738 4241 uti
757 4188 785 4240 Β
888 4188 923 4242 20
942 4189 1065 4242 holerum
1088 4188 1156 4253 Tur
1178 4194 1248 4256 exp.)
1269 4188 1372 4241 olerum
1391 4186 1416 4237 B

305 4274 487 4328 indolesceret
504 4276 531 4327 P
550 4275 578 4340 (h
597 4280 679 4340 creua)
703 4274 735 4327 T‘
755 4276 783 4327 ιἸι
804 4276 867 4341 dcl.)
942 4276 988 4345 qui
1008 4276 1037 4330 id
1055 4276 1082 4330 P
1103 4284 1172 4345 (exp.
1192 4276 1244 4345 ml)
1263 4276 1290 4327 B
1310 4273 1376 4345 quid
1394 4271 1416 4324 Τ

271 4363 317 4431 qui
336 4369 383 4415 cet.
437 4364 470 4415 21
492 4363 566 4416 olera
584 4364 647 4417 ΒΜ
