3142 4967
396 466 438 519 De
457 464 581 535 paradiso
603 465 645 526 10,
663 466 707 519 46.
725 465 760 517 47
798 462 823 529 (1
844 463 894 519 165
913 463 1024 517 11-166
1043 464 1089 531 D).
1254 466 1318 529 305

171 662 354 725 mandatum
385 661 482 725 etiem
511 660 616 724 uirum
646 679 740 724 suum
773 660 903 723 traxerit
929 658 960 723 in
991 677 1125 723 errorem
1155 661 1188 723 et
1213 659 1319 723 incen-

170 770 274 834 tiuum
303 770 371 833 cius
400 768 547 834 extiterit.
570 768 721 852 eiigitur
748 768 817 832 uiro
846 769 958 849 culpae
988 770 1099 830 auctor
1122 770 1172 830 est
1194 766 1318 839 mulier,

170 875 437 957 quemadmodum
456 895 511 959 pro
531 877 613 941 bono
632 874 762 940 uidetur
781 874 925 939 adiecta?
955 893 1066 939 uerum
1092 874 1119 939 si
1139 874 1318 939 consideres

172 984 245 1065 quia
268 984 327 1047 deo
351 983 573 1048 uniuersitatis
597 985 648 1047 est
670 1000 754 1060 cura,
778 981 921 1047 inuenies
945 981 1019 1064 plus
1042 983 1166 1063 placere
1191 980 1318 1045 domiuo

143 1088 319 1154 sdebuisse
347 1088 380 1153 id
408 1090 439 1152 in
469 1108 531 1171 quo
560 1093 647 1154 esset
674 1107 771 1153 causa
800 1089 1018 1153 uniuersitatis
1047 1108 1142 1170 quam
1172 1088 1319 1153 condem-

171 1196 310 1260 nandum
333 1196 434 1261 tuisse
457 1196 592 1261 illudio
617 1215 679 1278 quo
708 1199 794 1261 osset
817 1214 913 1261 cause
935 1196 1067 1279 peccati.
1094 1198 1126 1259 et
1147 1194 1218 1259 ideo
1244 1194 1318 1277 quia
1343 1208 1363 1261 c*

172 1322 207 1366 er
237 1304 307 1367 uiro
340 1303 409 1368 solo
443 1322 504 1368 non
537 1306 662 1386 poterat
693 1303 824 1367 humani
858 1321 929 1366 esse
963 1302 1086 1385 generis
1118 1302 1317 1385 propagatio,

57 1442 63 1457 ·
171 1410 390 1492 pronuntiauit
417 1410 564 1475 dominus
593 1428 654 1473 non
683 1428 754 1474 esse
781 1409 900 1473 bonum
925 1409 1028 1473 solum
1052 1408 1212 1474 hominem
1237 1428 1317 1474 esse.

173 1516 287 1581 maluit
301 1518 385 1581 enim
400 1517 479 1581 deus
495 1518 603 1599 plures
622 1534 694 1581 esse
714 1536 794 1598 quos
815 1517 922 1581 saluos
941 1518 1042 1581 facere
1061 1521 1181 1600 posset,
1202 1517 1318 1599 quibus

133 1642 156 1678 ιο
174 1623 304 1688 donaret
326 1627 493 1707 peccatum
517 1642 612 1705 quam
635 1642 736 1688 unum
760 1624 866 1688 solum
884 1622 999 1699 Adam,
1024 1624 1078 1706 qui
1097 1623 1178 1687 liber
1197 1626 1318 1687 esseta

174 1731 275 1812 culpa
304 1730 439 1813 denique
469 1731 544 1813 quia
570 1730 655 1794 idem
682 1730 850 1812 utriusque
879 1734 989 1793 auctor
1013 1734 1063 1795 est
1086 1730 1201 1812 operis,
1231 1730 1320 1793 uenit

174 1837 204 1899 in
227 1838 313 1901 hunc
336 1836 501 1915 mundum,
525 1840 562 1902 ut
586 1838 693 1902 saluos
716 1837 835 1901 faceret
857 1842 1050 1919 peccatores.
1078 1840 1239 1918 postremo
1263 1857 1319 1901 nec

174 1942 248 2007 Cain
277 1943 438 2024 parricidii
468 1963 584 2021 rerum,
608 1943 794 2026 priusquam
823 1948 987 2027 generaret
1014 1942 1108 2019 filios,
1133 1962 1247 2025 passus
1272 1948 1321 2008 est
1340 1956 1363 2007 r>

172 2049 310 2114 interire.
327 2068 403 2133 ergo
418 2052 546 2131 propter
560 2050 794 2134 generationem
810 2049 1023 2114 successionis
1038 2050 1193 2113 humanae
1211 2049 1321 2113 debuit

133 2173 156 2213 1⁵
172 2157 287 2220 mulier
314 2155 397 2221 edici
425 2157 504 2222 niro.
533 2157 670 2239 denique
697 2156 758 2221 hoc
786 2156 857 2239 ipsa
878 2157 976 2221 uerba
1000 2156 1161 2221 declarant
1184 2156 1319 2221 dicentis

174 2261 223 2325 dei
253 2282 315 2326 non
346 2263 465 2327 bonum
496 2281 566 2327 esee
598 2264 704 2328 solum
733 2262 895 2327 hominem
933 2282 1012 2327 esse.
1047 2282 1118 2327 nam
1149 2263 1176 2327 si
1207 2262 1321 2326 mulier

173 2369 258 2451 prior
284 2374 455 2452 peccatura
482 2374 558 2445 erat,
587 2373 692 2434 tamen
723 2368 973 2453 redemptionem
1002 2370 1063 2433 sibi
1092 2370 1231 2452 paritura
1259 2387 1319 2433 non

174 2475 284 2540 debuit
298 2476 337 2540 ab
355 2494 418 2541 usu
435 2475 561 2541 diuinae
581 2475 773 2558 operationis
795 2476 928 2540 excludi.
949 2476 1096 2558 quamuis
1116 2476 1198 2541 enim
1218 2476 1318 2539 Adam

173 2602 233 2647 non
265 2586 315 2647 est
344 2582 508 2661 seductus,
538 2583 653 2647 mulier
685 2585 792 2647 autem
825 2582 958 2647 seducta
987 2584 1017 2646 in
1050 2582 1319 2665 praeuaricatione

132 2689 279 2763 oruc-it,
318 2691 436 2754 salua
474 2692 606 2753 tamen
640 2689 745 2771 inquit
778 2690 856 2753 erit
887 2708 956 2772 per
987 2688 1172 2754 filiorum
1207 2708 1320 2771 gerre-

176 2796 386 2873 rationem‚
409 2795 493 2859 inter
515 2814 595 2878 quos
619 2796 784 2879 generauit
808 2799 841 2858 et
865 2794 1038 2860 Christum.

261 3060 278 3111 2
302 3058 470 3127 Augustinus
494 3061 586 3111 contra
609 3058 661 3112 Iul.
686 3058 743 3112 Pel.
768 3057 796 3111 11
821 3060 845 3121 7,
870 3060 903 3113 20
929 3058 962 3123 (si
987 3058 1113 3128 igitur..
1132 3101 1136 3111 .
1153 3056 1224 3113 adici
1249 3058 1318 3112 uirc't

174 3146 327 3200 ralrim.
349 3146 371 3204 1.
395 3148 426 3200 15
484 3148 516 3200 13
536 3146 602 3201 Gen.
622 3150 649 3206 4.
671 3147 703 3202 15
722 3164 780 3217 sqq.
840 3147 992 3202 terrim.
1012 3150 1037 3210 2,
1060 3150 1092 3203 14
1112 3164 1151 3217 sq.

209 3308 220 3360 l
243 3305 400 3360 mandatum
414 3322 580 3359 ...errorem
601 3313 629 3360 et
648 3324 699 3362 om.
713 3306 750 3360 P‘
771 3308 812 3364 (ier
831 3324 884 3375 queo
903 3308 934 3360 in
952 3309 1035 3362 uerbo
1050 3307 1217 3361 incentiuum
1232 3308 1259 3359 in
1275 3312 1321 3359 2²12

171 3413 192 3451 c.
210 3414 238 3449 u.
258 3396 391 3465 cereptum
410 3401 458 3460 eat)
534 3399 561 3448 et
580 3412 630 3449 om.
650 3395 762 3449 APVD
824 3397 911 3449 ‘Auiri
930 3396 1014 3451 SBP‘
1076 3396 1134 3451 3si
1156 3397 1176 3462 (i
1194 3412 1215 3451 a.
1235 3402 1274 3462 u.)
1294 3400 1320 3447 A

171 3485 328 3552 ⁴idominoi
349 3484 382 3537 do
402 3484 430 3536 B
493 3484 760 3539 trondemnandam
778 3486 805 3538 A
825 3492 850 3539 ct
868 3502 936 3540 corr.
956 3490 998 3539 oet
1017 3485 1074 3538 PV
1134 3486 1198 3539 cet
1217 3502 1267 3537 om.
1286 3484 1324 3537 M

171 3574 346 3643 Augustinus
400 3575 596 3642 ipropngatio
615 3578 664 3628 m2
681 3592 714 3628 cc
732 3574 858 3643 probatio
877 3576 903 3627 A
963 3575 1086 3627 8solum
1105 3574 1241 3626 hominem
1263 3590 1320 3625 esse

171 3663 227 3717 ΒΡ
243 3662 418 3732 Augustinus
442 3662 580 3716 hominem
605 3662 693 3717 solum
720 3680 778 3717 esse
803 3664 845 3728 M,
872 3680 930 3717 esse
956 3680 1006 3717 om.
1033 3668 1080 3717 eet.
1181 3664 1197 3715 9
1224 3660 1271 3714 dts
1294 3662 1321 3712 B

205 3756 301 3823 posset
319 3753 346 3804 A
365 3756 391 3817 (e
411 3768 444 3804 ac
462 3753 482 3817 i)
503 3752 587 3805 PVD
610 3753 697 3821 possit
715 3752 780 3807 ΒΨ
804 3756 897 3821 posset
921 3754 948 3805 et
966 3752 1093 3806 MP'CG'
1118 3751 1206 3821 possit
1225 3752 1252 3803 et
1272 3749 1320 3802 SB

172 3842 203 3895 ll
224 3848 321 3894 auctor
339 3844 382 3894 est
399 3840 539 3910 utriusque
553 3840 590 3894 M
608 3842 650 3909 (in
668 3858 722 3909 quo
737 3845 765 3894 et
784 3848 850 3894 onte
869 3842 943 3910 quia)
964 3841 1105 3909 utriusque
1125 3843 1167 3893 est
1186 3842 1281 3893 auctor
1295 3838 1321 3889 R

173 3930 205 3983 12
224 3932 286 3999 nec]
305 3946 339 3983 ne
359 3929 434 3984 Soc
479 3930 512 3984 13
530 3929 601 3982 filios
620 3947 671 3984 om.
692 3930 720 3983 B
772 3931 896 4000 pasusA
944 3930 977 3983 16
996 3928 1044 3983 alt.
1061 3944 1119 3981 esee
1134 3944 1184 3983 om.
1200 3926 1320 3983 APVD.

171 4036 230 4073 esse
248 4019 385 4072 hominem
406 4038 423 4070 α
477 4019 512 4087 sil
533 4019 585 4072 etsi
603 4018 636 4072 N
671 4022 703 4073 17
723 4020 795 4089 prior
819 4036 869 4073 om.
890 4019 1002 4073 APVD
1022 4016 1141 4089 priusC
1195 4017 1319 4069 adtamen

170 4110 207 4163 111
222 4114 265 4162 ml
283 4110 405 4162 attamen
425 4108 461 4161 M
477 4112 525 4161 m2
542 4108 577 4161 P‘
633 4110 666 4161 le<
686 4110 768 4177 enim]
789 4115 879 4163 autem
898 4110 926 4161 B
983 4110 1015 4161 19
1035 4107 1147 4162 seducte
1165 4104 1320 4160 MBP‘rcr

170 4196 283 4252 seducta
301 4201 329 4250 et
346 4196 460 4250 APVD
478 4196 591 4250 seducta
610 4200 651 4250 est
669 4198 697 4252 R
716 4197 858 4251 seducta„
882 4198 913 4251 V‘
967 4197 1201 4265 praeuaricatione
1221 4194 1273 4248 uiri
1287 4192 1323 4245 M

170 4287 232 4357 (uiri
252 4302 272 4341 a.
292 4304 319 4339 a.
339 4288 398 4349 m2)
417 4286 451 4338 P‘
507 4286 542 4338 20
560 4287 650 4354 inquit
668 4304 718 4341 om.
738 4288 766 4339 B
827 4286 1059 4356 regenerationem
1079 4284 1162 4339 APV
1180 4301 1320 4353 *egerere-

170 4377 273 4429 tionem
298 4374 331 4429 V‘

196 4500 290 4540 xxxll.
305 4501 384 4540 Ambr.
395 4510 448 4550 para
459 4504 479 4550 1,
493 4499 550 4542 fase.
567 4504 586 4542 l.
1251 4478 1285 4530 ‘20
