3142 4967
267 473 332 537 414
742 468 942 523 Ambrosii

264 667 384 733 inlatus
403 684 461 733 nee
478 665 623 731 remissio
642 665 810 743 malorum,
830 664 887 729 sed
907 664 1053 729 cumulus
1072 662 1283 727 miseriorum.
1302 680 1410 729 uerum

266 774 294 839 si
316 774 395 839 iusti
418 773 480 837 uiri
499 776 636 838 mentem
657 772 848 847 consideres,
868 773 1015 835 aduertes
1035 770 1192 835 iustitiam
1211 770 1313 836 solam
1332 789 1409 845 esse,
1538 842 1539 845 Ἴ

266 902 347 965 quae
379 880 452 947 aliis
484 881 594 964 potius
626 884 701 945 nata
733 899 829 962 quum
861 878 924 943 sibi
956 896 1018 942 nou
1051 877 1136 961 quod
1169 877 1231 942 sibi
1260 877 1341 943 utile
1365 882 1410 943 est
1447 885 1511 939 ‘rar

266 991 407 1071 quaeret,
440 988 496 1052 sed
529 987 613 1069 quod
646 987 805 1052 omnibus.
837 988 915 1051 haec
947 1004 1004 1049 nos
1036 986 1234 1068 requiescere
1265 985 1345 1051 fecit
1374 986 1409 1051 ub

266 1095 415 1178 operibus
434 1094 624 1177 iniquitatis,
643 1095 722 1159 haec
740 1096 871 1159 reuocat
889 1112 907 1159 e
925 1092 1067 1170 tristitia,
1088 1093 1163 1175 quia
1182 1092 1258 1157 dum
1277 1110 1315 1157 ea
1334 1111 1411 1177 quae
1436 1122 1446 1159 s
1539 1138 1540 1175 ss

264 1204 351 1267 iuste
382 1205 460 1267 sunt
487 1202 637 1287 gerimus,
660 1202 741 1266 nihil
762 1201 916 1266 timemus
939 1219 1036 1284 purae
1061 1198 1273 1265 conscientiae
1297 1200 1410 1265 securi-

264 1313 342 1387 tate,
374 1327 437 1374 non
471 1309 615 1373 dolemus
649 1308 790 1373 dolorem
824 1326 969 1393 grauem
1007 1306 1087 1371 nihil
1119 1306 1202 1371 enim
1241 1310 1292 1371 est
1329 1306 1410 1389 quod

264 1416 393 1481 maioris
426 1415 544 1481 doloris
577 1416 620 1480 sit
652 1435 747 1499 quam
774 1418 887 1499 culpae
910 1416 1028 1479 reatus.
1052 1413 1291 1496 requiescamus
1316 1414 1407 1478 etiarn

265 1525 303 1588 ab
328 1523 412 1588 omni
445 1524 521 1588 cura
551 1527 695 1587 terrenae
728 1521 990 1597 conuersationis,
1014 1540 1094 1603 quae
1118 1538 1233 1604 corpus
1265 1524 1414 1585 nostrum

264 1634 359 1712 atque
382 1630 519 1695 animam
542 1630 760 1713 frequentibus
783 1634 879 1694 uerat
902 1628 1065 1694 doloribus
1093 1628 1257 1711 uitamque
1286 1628 1408 1693 adierit.
1425 1656 1446 1693 u
1540 1610 1541 1617 ἵ

175 1729 240 1808 2,ss
308 1736 393 1800 Huic
416 1753 492 1801 uero
515 1738 580 1799 tres
603 1734 663 1799 filii
685 1734 761 1813 nati,
788 1734 860 1800 Sem
885 1733 984 1799 Cheru
1007 1732 1154 1815 Iapbeth.
1179 1751 1258 1815 quae
1282 1734 1408 1799 nornine
1460 1741 1477 1793 B

264 1842 446 1926 significant
469 1843 608 1908 ‘bonum’
633 1844 666 1906 et
688 1844 830 1905 ‘malum’
854 1845 886 1905 et
909 1839 1123 1919 indifferens,
1147 1844 1184 1906 ut
1216 1843 1249 1905 et
1281 1846 1408 1905 naturae
1462 1850 1477 1901 o*

265 1950 367 2033 gratia
390 1948 566 2014 bonitatem
589 1948 741 2013 habuisse
765 1946 976 2011 etmalorum
1000 1948 1029 2011 ei
1047 1949 1279 2030 temptamenta
1296 1966 1408 2030 nequa-

264 2075 359 2137 quom
384 2055 524 2119 defuisse
548 2059 581 2119 et
602 2054 867 2131 indifferentibus,
889 2054 948 2118 hoc
968 2058 1017 2118 est
1032 2102 1039 2118 .
1057 2102 1064 2119 .
1082 2105 1089 2121 .
1104 2055 1197 2118 uelut
1216 2054 1408 2137 supellectili

264 2163 420 2227 uirtutum
452 2160 631 2226 abundasse
664 2161 822 2226 uideatur.
848 2180 910 2243 que
941 2160 1062 2225 ratione
1096 2164 1203 2225 autem
1235 2162 1356 2225 malum
1377 2162 1407 2225 in
1426 2188 1446 2226 rs
1541 2228 1542 2247 ,

263 2269 368 2333 medio
391 2268 545 2352 posuerit,
569 2268 650 2333 ratio
676 2268 807 2334 euidens
831 2272 890 2347 est,
915 2269 991 2351 quia
1013 2272 1143 2333 naturae
1166 2269 1287 2333 bonum
1312 2269 1407 2334 omni·
1541 2262 1542 2273 *

262 2377 322 2441 bus
342 2376 427 2441 inest
444 2394 501 2440 neo
520 2376 613 2459 quasi
631 2376 801 2459 naufragos
821 2374 852 2439 in
872 2376 977 2440 lucem
995 2374 1121 2457 proicit,
1142 2375 1198 2441 sed
1217 2378 1249 2440 et
1268 2374 1408 2440 suffulcit

263 2484 396 2561 uiribus,
420 2487 543 2548 utnon
572 2482 790 2566 opprimantur
815 2481 1057 2565 temptamentis
1085 2482 1226 2547 malitiae
1250 2500 1308 2547 nee
1331 2485 1406 2547 tarn·

264 2610 358 2673 quam
373 2589 507 2655 inualidi
522 2588 746 2665 subcumbant,
767 2592 800 2653 et
818 2590 922 2653 munit
941 2592 973 2653 et
991 2588 1091 2653 uestit
1110 2589 1201 2653 uelut
1219 2590 1406 2671 quibusdem

262 2697 492 2781 integumentis
524 2696 791 2769 indifferentibus,
816 2715 896 2778 quae
926 2698 1001 2760 sunt
1024 2695 1123 2773 salus,
1147 2696 1293 2761 ualitudo
1316 2697 1405 2773 bona,
1422 2702 1480 2759 aul)
1542 2714 1543 2755 r

262 2802 478 2887 pulchritudo,
507 2803 679 2887 inpigritia,
709 2803 849 2877 diuitiae,
879 2803 989 2887 glorio,
1019 2804 1144 2887 generis
1178 2803 1343 2881 claritudo,
1370 2808 1405 2868 ut

262 2929 299 2975 ea
322 2910 396 2975 dote
418 2910 535 2976 muniti
566 2913 717 2974 tueantur
749 2909 923 2975 bonitatem
956 2914 1085 2975 naturae
1118 2914 1151 2975 et
1181 2913 1302 2977 malum
1328 2911 1403 2976 illud

262 3017 436 3094 includant,
469 3036 507 3081 ne
538 3018 644 3099 possit
676 3035 799 3095 nocere,
833 3020 865 3082 et
897 3018 989 3100 quasi
1021 3018 1167 3081 clausum
1200 3019 1399 3103 strangulent.

262 3142 365 3187 nonne
389 3123 547 3188 cemimus
571 3122 662 3187 uelut
685 3124 785 3187 aciem
810 3123 966 3205 quandam
990 3122 1148 3187 uirtutum
1177 3124 1349 3189 ordinatam
1370 3123 1398 3187 in

261 3229 427 3310 proelium,
451 3232 488 3293 ut
511 3229 675 3294 inferiores
699 3230 731 3293 in
755 3230 861 3295 medio
886 3229 959 3306 sint,
994 3229 1101 3293 dextre
1132 3230 1288 3313 laeuaque
1316 3229 1399 3295 uelut
1420 3251 1443 3291 u

353 3455 382 3509 11
411 3456 477 3510 Gen.
505 3458 530 3522 6,
557 3456 569 3509 1
598 3459 626 3509 et
652 3455 685 3509 10
711 3456 790 3508 Philo
818 3455 927 3521 eraest.
954 3455 967 3508 l
993 3456 1027 3509 88
1120 3458 1152 3511 17
1180 3456 1213 3513 of.
1241 3455 1273 3509 de
1299 3470 1399 3510 excessu

262 3544 354 3598 fratris
374 3545 454 3599 1129

299 3669 455 3723 lrerrrissio
474 3669 502 3723 P
520 3674 558 3721 ire
578 3685 611 3722 ex
630 3686 658 3723 se
677 3674 733 3734 m3J
796 3668 985 3723 2considerus
1009 3670 1034 3722 T
1050 3670 1075 3741 (e
1093 3686 1115 3723 s.
1136 3670 1162 3735 o)
1236 3666 1400 3723 aduertasB

262 3764 288 3811 et
307 3762 386 3825 (corr.
407 3758 543 3826 aduentus)
567 3758 592 3811 T
661 3758 770 3811 iustitia
790 3757 817 3811 P
837 3762 863 3818 (u
882 3775 915 3811 es·
934 3758 976 3829 aa)
1045 3759 1060 3811 3
1080 3762 1145 3812 uste
1164 3762 1207 3812 est
1225 3757 1323 3829 Plest
1337 3772 1357 3809 s.
1375 3772 1398 3807 u.

263 3852 313 3914 nri)
335 3848 368 3900 T‘
389 3850 532 3917 (esterp.)
552 3853 599 3901 cet.
672 3848 740 3901 utile
760 3848 813 3902 sibi
827 3848 860 3899 N
907 3849 924 3900 4
944 3848 1028 3901 faciat
1046 3848 1073 3901 P
1090 3850 1117 3913 (a
1137 3847 1185 3901 ull.
1206 3852 1277 3915 erp.)
1298 3848 1323 3899 B
1340 3844 1400 3899 fucit

264 3942 286 3989 ft
305 3941 394 4002 erut)
419 3936 450 3990 T*
507 3937 664 3991 idolemus
683 3937 795 3991 PTNB
814 3938 895 3991 etiam
921 3937 950 3989 T¹
1006 3935 1084 4006 graui
1104 3935 1195 3991 dolore
1214 3936 1246 3989 N
1298 3934 1400 3989 lllruio

263 4043 296 4080 er
313 4026 433 4080 huiusP
486 4027 641 4096 iaphethB
659 4028 747 4081 iufeth
767 4032 813 4080 cet.
853 4028 885 4080 13
904 4028 1104 4095 temptamenta
1123 4025 1195 4079 eiN
1231 4026 1263 4078 14
1278 4024 1400 4079 lauream

261 4116 435 4185 siqrrijicuui5
453 4116 586 4170 excidisse
603 4116 716 4171 addetur
732 4132 821 4185 neque
840 4116 919 4169 bonis
938 4132 1026 4184 neque
1045 4115 1123 4168 malis
1202 4114 1280 4167 uelut
1296 4130 1317 4167 s.
1335 4128 1361 4165 u.
1379 4110 1402 4163 P

264 4205 295 4257 16
320 4209 363 4256 est
380 4209 478 4273 postea
504 4204 569 4256 (cdd.
593 4203 627 4271 P,
650 4205 716 4271 sort.
741 4203 885 4257 delendum
977 4203 1009 4255 19
1032 4202 1148 4255 irrualidi
1171 4202 1199 4256 P
1220 4203 1268 4273 (nu
1290 4202 1321 4254 in
1339 4204 1400 4261 rus)

297 4292 477 4346 subcumbunt
496 4294 523 4344 P
540 4294 717 4347 succumbant
735 4293 762 4345 P
780 4308 848 4346 corr.
869 4298 916 4347 cet.
990 4295 1017 4344 et
1035 4290 1123 4343 munit
1142 4290 1241 4361 scru'pm'
1260 4288 1308 4343 sed
1320 4288 1402 4342 munit

263 4380 329 4433 libri
381 4382 416 4435 20
434 4384 601 4450 tegumentis
624 4382 703 4435 TXB
759 4383 790 4434 ‘21
813 4381 900 4451 gloria
919 4398 969 4435 om.
990 4380 1021 4433 N
1073 4378 1347 4433 serutaremur
