3142 4967
257 431 319 496 132
729 425 928 481 Ambrosii

161 628 250 711 (i‚25
297 623 388 688 Fecit
420 642 492 708 ergo
527 622 605 687 dens
637 621 715 687 haec
743 623 806 688 duo
834 622 1002 687 luminaria
1028 642 1144 708 magna
1165 642 1401 706 -possumus
1462 630 1482 683 B
1541 626 1542 677 1

255 731 395 814 accipere
433 748 494 794 non
531 733 597 794 tam
635 729 768 794 eliorum
803 730 1037 813 comparatione
1068 749 1183 814 magna
1216 749 1311 813 quam
1344 748 1401 794 suo
1465 736 1483 792 G

254 856 392 916 munere,
425 839 463 902 ut
495 839 544 901 est
572 836 695 900 caelum
724 855 875 920 magnum
904 841 936 901 et
964 856 1241 921 maremagnun13
1270 857 1344 901 nem
1373 839 1405 900 et

254 963 388 1028 magnus
419 944 477 1021 sol,
502 943 558 1024 qui
582 943 710 1026 conplet
734 943 841 1008 orbem
863 947 1017 1007 terrarum
1042 963 1100 1008 suo
1125 944 1228 1008 calore
1252 943 1306 1008 uel
1329 944 1404 1006 1333

256 1069 313 1116 suo
336 1051 456 1115 lumine
479 1069 537 1114 neo
561 1050 666 1114 solum
689 1053 801 1127 terras,
826 1050 883 1113 sed
906 1051 1002 1114 etiarn
1025 1069 1130 1114 aerem
1154 1051 1239 1115 hunc
1262 1054 1294 1113 et
1317 1068 1402 1114 mare
1433 1069 1448 1108 3

256 1157 396 1239 caelique
427 1157 540 1221 faciem
564 1193 618 1234 —-‚
648 1175 728 1239 quoe
761 1156 794 1219 in
827 1176 1027 1238 quacumque
1060 1161 1148 1241 parte
1176 1157 1296 1222 fuerint
1324 1155 1404 1220 caeli

254 1264 445 1328 inluminent
473 1264 578 1328 omnia
606 1267 638 1327 31
666 1282 764 1345 aeque
793 1268 977 1344 spectantur
1004 1264 1181 1342 annuetis,
1206 1267 1405 1328 31331331-

256 1389 351 1453 quam
380 1371 448 1436 suis
476 1373 599 1434 tontum
623 1370 807 1455 regionibus
830 1371 979 1435 inmorari
1004 1373 1036 1435 et
1059 1371 1121 1435 sibi
1144 1374 1268 1434 tantum
1293 1370 1403 1435 adesse

256 1480 349 1560 atque
381 1478 488 1541 lucere
521 1476 639 1561 singuli
671 1477 781 1560 populi
814 1477 953 1556 credant,
987 1497 1061 1543 cum
1094 1478 1242 1542 similiter
1277 1477 1405 1542 luceant

256 1582 424 1661 uniuersis,
466 1586 504 1647 ut
543 1602 633 1648 nemo
677 1583 726 1646 his
763 1584 942 1666 propiorem
979 1584 1078 1648 aliurn
1116 1604 1210 1667 quam
1247 1583 1318 1666 ipse
1357 1586 1403 1647 est
1420 1591 1482 1644 rob

256 1690 434 1755 arbitretur.
477 1689 653 1770 exemplum
700 1690 928 1774 magnitudinis
975 1710 1083 1755 eorum
1131 1691 1273 1756 euidens.
1321 1688 1403 1772 quod

257 1797 402 1861 omnibus
426 1795 607 1860 hominibus
632 1795 717 1862 orbis
741 1797 835 1862 lunae
858 1798 942 1862 idem
966 1797 1104 1862 uidetur.
1129 1817 1202 1861 nam
1226 1798 1287 1862 etsi
1310 1797 1403 1860 inter-

257 1904 332 1967 dum
370 1906 523 1987 augeatur
558 1903 666 1968 lumen
705 1905 773 1968 eius
811 1908 906 1987 atque
942 1906 1113 1980 minuetur,
1151 1909 1256 1969 tamen
1295 1904 1403 1967 eadem

255 2012 347 2074 nocte
382 2010 485 2092 qualis
517 2009 595 2073 mibi
631 2011 761 2094 adparet
791 2011 867 2076 talis
901 2016 933 2076 et
966 2011 1123 2076 omnibus.
1151 2031 1224 2076 nem
1253 2010 1282 2074 si
1310 2009 1402 2092 louge

256 2115 370 2200 positis
397 2116 501 2180 minor
527 2115 697 2195 uideretur,
726 2116 857 2198 propius
886 2117 1071 2182 eonst'tutis
1097 2117 1199 2182 maior
1221 2115 1401 2199 refulgeret,
1420 2137 1444 2177 rs

255 2222 401 2306 proderet
429 2223 647 2306 angustiarum
677 2226 709 2286 et
737 2223 920 2307 exiguitatis
948 2223 1112 2288 indicium.
1142 2223 1259 2288 etenim
1282 2222 1403 2304 reliqua

257 2329 319 2392 3113
358 2328 451 2412 longe
491 2329 589 2410 positi
629 2329 750 2392 minora
796 2330 993 2403 arbitramur,
1039 2328 1169 2413 propius
1216 2333 1401 2394 contuentes

256 2436 375 2500 maiora
399 2435 566 2500 credimus.
593 2454 654 2517 quo
679 2436 781 2520 magis
805 2435 960 2502 finitimus
983 2436 1092 2514 fueris,
1118 2456 1154 2500 eo
1178 2435 1238 2500 tibi
1262 2435 1331 2498 eius
1357 2434 1402 2498 rel
1461 2436 1481 2490 B

257 2562 350 2625 quam
377 2541 477 2606 oemis
500 2541 687 2625 magnitudo
712 2542 904 2607 cumulatur.
930 2543 1007 2608 solis
1031 2543 1139 2607 radius
1162 2542 1243 2606 nulli
1265 2541 1400 2623 propior,

256 2648 335 2714 nulli
362 2649 565 2732 longinquior
593 2653 661 2724 est;
691 2649 839 2713 similiter
867 2654 899 2714 et
925 2649 1020 2714 lunae
1048 2649 1164 2733 globus
1187 2647 1331 2731 aequalis
1355 2649 1403 2712 est
1419 2669 1443 2708 so

257 2755 414 2820 omnibus.
439 2754 553 2819 similis
579 2756 627 2820 sol
651 2759 683 2818 31
705 2755 793 2820 lndis
817 2758 849 2820 et
869 2756 1023 2822 Brittanis
1047 2756 1158 2821 eodem
1177 2757 1338 2820 momento
1358 2753 1403 2816 ni-

258 2861 359 2937 detur,
375 2879 446 2926 cum
463 2861 572 2938 oritur,
588 2881 646 2925 nec
661 2881 732 2926 cum
752 2863 908 2946 mergitur
925 2862 956 2925 in
977 2882 1134 2941 occasum,
1154 2862 1256 2926 minor
1275 2860 1403 2942 adparet

258 2966 462 3032 orientalibus
478 2985 571 3049 quem
589 2968 838 3033 occidentalibus
853 2987 911 3034 nec
925 2968 1185 3043 occidentalibus,
1202 2987 1273 3032 eum
1295 2968 1401 3039 oritur,

258 3073 388 3136 inferior
403 3091 497 3154 quem
513 3072 719 3140 orientalibus
735 3075 932 3140 aestimatur.
948 3095 995 3158 qu
1006 3078 1140 3140 antum
1157 3075 1288 3139 distat
1302 3072 1403 3155 inquit

258 3178 392 3243 oriens
421 3178 466 3242 ab
496 3179 729 3244 occidente!
759 3181 837 3246 haee
864 3181 1002 3246 inuicem
1030 3181 1090 3246 sibi
1121 3181 1251 3257 distant,
1276 3180 1331 3245 sed
1354 3180 1479 3242 solasl‘

349 3449 361 3502 l
382 3447 444 3502 Bas.
466 3447 516 3503 137
537 3447 582 3502 OD
605 3448 650 3516 (58
669 3449 726 3512 DE,
746 3450 780 3503 eo
801 3450 834 3515 A)
920 3451 953 3503 19
972 3450 1034 3504 Β33.
1056 3451 1106 3505 140
1126 3450 1150 3503 A
1168 3450 1214 3522 (59
1231 3450 1266 3517 Β)
1286 3450 1351 3504 lsid.
1371 3450 1402 3504 de

257 3539 313 3592 nat.
332 3552 383 3590 rer.
404 3537 444 3590 16.
466 3539 479 3591 1
536 3539 570 3591 24
589 3539 688 3593 Psalm.
709 3538 759 3594 011
780 3540 813 3592 12

296 3715 308 3768 1
330 3731 393 3784 ergo
418 3714 485 3768 deus
508 3713 561 3768 duo
583 3714 652 3768 haec
670 3713 703 3768 N
724 3729 788 3783 ergo
813 3713 880 3768 baec
904 3712 969 3767 deus
993 3712 1046 3768 duo
1072 3713 1151 3767 CGP
1172 3713 1238 3768 deus
1262 3731 1328 3785 ergo
1351 3715 1403 3768 duo

259 3803 320 3872 (our.
339 3803 417 3872 haee)
441 3802 467 3856 V
536 3804 601 3858 331
619 3818 691 3854 mare
709 3816 838 3870 magnum
858 3817 908 3855 om.
930 3801 956 3855 G
1027 3801 1157 3856 decl-C
1228 3803 1349 3872 ireque
1369 3803 1403 3854 ,Ψ

258 3891 325 3945 lrnee
344 3908 412 3961 quse
426 3891 485 3944 MS
502 3907 588 3960 eaque
603 3890 655 3943 llB
709 3890 868 3944 elucerio
937 3890 1093 3944 1333331Ν
1110 3889 1237 3946 13333111
1296 3893 1330 3946 10
1343 3908 1401 3961 pro·

258 3979 359 4048 piorem
389 3979 496 4034 VMSB
519 3980 684 4049 propriorem
703 3981 736 4034 11
757 3989 784 4048 (r
808 3980 857 4034 alt.
881 3985 1029 4045 33331331.
1121 3983 1155 4035 15
1173 3981 1322 4051 refulgeret
1341 3984 1369 4034 et
1387 3997 1404 4028 α

260 4069 291 4122 17
311 4069 394 4139 positi
416 4069 537 4136 0331.
557 4085 590 4122 33
608 4068 631 4137 1)
695 4069 727 4121 21
749 4067 844 4121 sono
912 4068 1040 4122 brittanis
1062 4068 1248 4126 3133131311.
1267 4070 1404 4124 brittanna

261 4156 333 4210 le
356 4156 497 4210 britannus
521 4155 547 4211 V
567 4157 713 4210 brittannis
735 4155 813 4208 osne
830 4156 884 4209 PB
903 4162 927 4208 31
945 4161 969 4220 (t
987 4173 1032 4225 pr.
1051 4174 1072 4210 e.
1093 4164 1131 4224 11.)
1150 4157 1187 4211 Μ
1208 4158 1341 4212 britannis
1359 4159 1406 4215 us

259 4247 293 4298 22
311 4245 443 4314 mergitur
461 4244 485 4296 ll
504 4245 603 4314 mergit
621 4245 699 4298 21111
718 4244 810 4314 uergit
826 4245 910 4298 Bma
924 4251 971 4300 cet.
1023 4247 1057 4300 23
1077 4246 1254 4300 orientalibus
1267 4246 1295 4299 B
1309 4247 1341 4301 in
1354 4265 1404 4316 mp.

257 4337 306 4387 rn2
324 4333 391 4386 Diu.
415 4333 508 4398 blind,
527 4349 578 4386 om.
599 4339 645 4388 331.
702 4335 735 4388 25
755 4333 790 4388 ab
809 4350 906 4388 333333
925 4333 994 4389 Isto.
